<?xml version="1.0" encoding="UTF-8"?>
<!DOCTYPE html PUBLIC "-//W3C//DTD XHTML 1.0 Transitional//EN"
    "http://www.w3.org/TR/xhtml1/DTD/xhtml1-transitional.dtd">
<html xmlns="http://www.w3.org/1999/xhtml" xml:lang="en" lang="en">
 <head>
  <title>
</title>
<meta http-equiv="Content-Type" content="text/html;charset=utf-8" />
  <meta name='ocr-system' content='tesseract 3.04.00' />
  <meta name='ocr-capabilities' content='ocr_page ocr_carea ocr_par ocr_line ocrx_word'/>
</head>
<body>
  <div class='ocr_page' id='page_1' title='image "./florietpatercul00florgoog_0088.png"; bbox 0 0 1838 2922; ppageno 0'>
   <div class='ocr_carea' id='block_1_1' title="bbox 444 148 1553 210">
    <p class='ocr_par' dir='ltr' id='par_1_1' title="bbox 444 148 1553 210">
     <span class='ocr_line' id='line_1_1' title="bbox 444 148 1553 210; baseline 0.005 -7"><span class='ocrx_word' id='word_1_1' title='bbox 444 151 504 205; x_wconf 83' lang='lat' dir='ltr'><strong>L.</strong></span> <span class='ocrx_word' id='word_1_2' title='bbox 521 156 581 205; x_wconf 84' lang='lat' dir='ltr'><strong>A.</strong></span> <span class='ocrx_word' id='word_1_3' title='bbox 605 148 812 210; x_wconf 72' lang='lat' dir='ltr'>FLORI</span> <span class='ocrx_word' id='word_1_4' title='bbox 845 153 951 203; x_wconf 72' lang='lat' dir='ltr'><strong>Lm.</strong></span> <span class='ocrx_word' id='word_1_5' title='bbox 973 150 1071 203; x_wconf 88' lang='lat'><em>111.</em></span> <span class='ocrx_word' id='word_1_6' title='bbox 1104 150 1222 207; x_wconf 66' lang='lat' dir='ltr'><strong>Car.</strong></span> <span class='ocrx_word' id='word_1_7' title='bbox 1246 160 1329 208; x_wconf 58' lang='lat'><strong>17»</strong></span> <span class='ocrx_word' id='word_1_8' title='bbox 1482 158 1553 209; x_wconf 67' lang='lat' dir='ltr'><em>w</em></span> 
     </span>
    </p>
   </div>
   <div class='ocr_carea' id='block_1_2' title="bbox 218 280 1561 413">
    <p class='ocr_par' dir='ltr' id='par_1_2' title="bbox 218 280 1561 413">
     <span class='ocr_line' id='line_1_2' title="bbox 218 280 1561 351; baseline 0.003 -18"><span class='ocrx_word' id='word_1_9' title='bbox 218 284 438 351; x_wconf 70' lang='lat' dir='ltr'><strong>perculsa,</strong></span> <span class='ocrx_word' id='word_1_10' title='bbox 467 298 572 332; x_wconf 83' lang='lat' dir='ltr'><strong>cum</strong></span> <span class='ocrx_word' id='word_1_11' title='bbox 599 286 698 348; x_wconf 86' lang='lat' dir='ltr'><strong>jam</strong></span> <span class='ocrx_word' id='word_1_12' title='bbox 731 285 910 333; x_wconf 81' lang='lat' dir='ltr'><strong>tertium</strong></span> <span class='ocrx_word' id='word_1_13' title='bbox 948 284 1116 334; x_wconf 86' lang='lat' dir='ltr'><strong>annum</strong></span> <span class='ocrx_word' id='word_1_14' title='bbox 1150 280 1466 345; x_wconf 67' lang='lat' dir='ltr'><strong>dominaretur,</strong></span> <span class='ocrx_word' id='word_1_15' title='bbox 1502 294 1561 337; x_wconf 71' lang='lat' dir='ltr'><strong>eo</strong></span> 
     </span>
     <span class='ocr_line' id='line_1_3' title="bbox 219 352 1561 413; baseline 0.001 -14"><span class='ocrx_word' id='word_1_16' title='bbox 219 352 418 399; x_wconf 79' lang='lat' dir='ltr'><strong>vesaniae</strong></span> <span class='ocrx_word' id='word_1_17' title='bbox 439 366 706 412; x_wconf 83' lang='lat' dir='ltr'><strong>progressus</strong></span> <span class='ocrx_word' id='word_1_18' title='bbox 729 358 811 405; x_wconf 89' lang='lat' dir='ltr'><strong>est,</strong></span> <span class='ocrx_word' id='word_1_19' title='bbox 835 360 888 398; x_wconf 85' lang='lat' dir='ltr'><strong>ut</strong></span> <span class='ocrx_word' id='word_1_20' title='bbox 903 352 1157 399; x_wconf 86' lang='lat' dir='ltr'><strong>consularia</strong></span> <span class='ocrx_word' id='word_1_21' title='bbox 1180 368 1357 413; x_wconf 88' lang='lat' dir='ltr'><strong>quoque</strong></span> <span class='ocrx_word' id='word_1_22' title='bbox 1378 353 1561 401; x_wconf 68' lang='lat' dir='ltr'><strong>comitia</strong></span> 
     </span>
    </p>
   </div>
   <div class='ocr_carea' id='block_1_3' title="bbox 218 413 1571 477">
    <p class='ocr_par' dir='ltr' id='par_1_3' title="bbox 218 413 1571 477">
     <span class='ocr_line' id='line_1_4' title="bbox 218 413 1571 477; baseline 0.001 -14"><span class='ocrx_word' id='word_1_23' title='bbox 218 413 342 463; x_wconf 60' lang='lat' dir='ltr'><strong>novi</strong></span> <span class='ocrx_word' id='word_1_24' title='bbox 356 415 480 462; x_wconf 88' lang='lat' dir='ltr'><strong>caede</strong></span> <span class='ocrx_word' id='word_1_25' title='bbox 496 416 706 461; x_wconf 85' lang='lat' dir='ltr'><strong>turbaret.</strong></span> <span class='ocrx_word' id='word_1_26' title='bbox 753 414 946 477; x_wconf 81' lang='lat' dir='ltr'>Quippe,</span> <span class='ocrx_word' id='word_1_27' title='bbox 972 424 1022 462; x_wconf 88' lang='lat' dir='ltr'><strong>ut</strong></span> <span class='ocrx_word' id='word_1_28' title='bbox 1045 418 1281 463; x_wconf 81' lang='lat' dir='ltr'><strong>satellitem</strong></span> <span class='ocrx_word' id='word_1_29' title='bbox 1302 416 1467 463; x_wconf 83' lang='lat' dir='ltr'><strong>furoris</strong></span> <span class='ocrx_word' id='word_1_30' title='bbox 1488 418 1571 465; x_wconf 80' lang='lat' dir='ltr'><strong>sui·</strong></span> 
     </span>
    </p>
   </div>
   <div class='ocr_carea' id='block_1_4' title="bbox 218 479 1561 609">
    <p class='ocr_par' dir='ltr' id='par_1_4' title="bbox 218 479 1561 609">
     <span class='ocr_line' id='line_1_5' title="bbox 221 479 1559 537; baseline 0 -8"><span class='ocrx_word' id='word_1_31' title='bbox 221 481 459 530; x_wconf 83' lang='lat' dir='ltr'><strong>Glauciam</strong></span> <span class='ocrx_word' id='word_1_32' title='bbox 483 479 712 526; x_wconf 84' lang='lat' dir='ltr'><strong>consulem</strong></span> <span class='ocrx_word' id='word_1_33' title='bbox 733 479 917 537; x_wconf 85' lang='lat' dir='ltr'><strong>faceret,</strong></span> <span class='ocrx_word' id='word_1_34' title='bbox 949 480 1113 529; x_wconf 87' lang='lat' dir='ltr'><strong>Caium</strong></span> <span class='ocrx_word' id='word_1_35' title='bbox 1140 481 1409 528; x_wconf 86' lang='lat' dir='ltr'><strong>Memmium</strong></span> <span class='ocrx_word' id='word_1_36' title='bbox 1432 496 1559 529; x_wconf 86' lang='lat' dir='ltr'><strong>com·</strong></span> 
     </span>
     <span class='ocr_line' id='line_1_6' title="bbox 218 542 1561 609; baseline 0.001 -18"><span class='ocrx_word' id='word_1_37' title='bbox 218 546 456 609; x_wconf 83' lang='lat' dir='ltr'><strong>petitorem</strong></span> <span class='ocrx_word' id='word_1_38' title='bbox 481 542 667 590; x_wconf 81' lang='lat' dir='ltr'><strong>interfici</strong></span> <span class='ocrx_word' id='word_1_39' title='bbox 680 544 844 606; x_wconf 75' lang='lat' dir='ltr'><strong>Jussit:</strong></span> <span class='ocrx_word' id='word_1_40' title='bbox 885 552 932 591; x_wconf 85' lang='lat' dir='ltr'><strong>et</strong></span> <span class='ocrx_word' id='word_1_41' title='bbox 953 546 997 591; x_wconf 88' lang='lat' dir='ltr'><strong>in</strong></span> <span class='ocrx_word' id='word_1_42' title='bbox 1020 561 1075 593; x_wconf 90' lang='lat' dir='ltr'><strong>eo</strong></span> <span class='ocrx_word' id='word_1_43' title='bbox 1098 547 1293 593; x_wconf 80' lang='lat' dir='ltr'><strong>tumultu</strong></span> <span class='ocrx_word' id='word_1_44' title='bbox 1315 562 1467 609; x_wconf 84' lang='lat' dir='ltr'><strong>regem</strong></span> <span class='ocrx_word' id='word_1_45' title='bbox 1502 560 1561 593; x_wconf 85' lang='lat' dir='ltr'><strong>ex</strong></span> 
     </span>
    </p>
   </div>
   <div class='ocr_carea' id='block_1_5' title="bbox 221 609 1640 673">
    <p class='ocr_par' dir='ltr' id='par_1_5' title="bbox 221 609 1640 673">
     <span class='ocr_line' id='line_1_7' title="bbox 221 609 1640 673; baseline -0.001 -15"><span class='ocrx_word' id='word_1_46' title='bbox 221 610 485 658; x_wconf 84' lang='lat' dir='ltr'><strong>satellitibus</strong></span> <span class='ocrx_word' id='word_1_47' title='bbox 513 610 606 654; x_wconf 87' lang='lat' dir='ltr'><strong>suis</strong></span> <span class='ocrx_word' id='word_1_48' title='bbox 633 624 682 654; x_wconf 85' lang='lat' dir='ltr'><strong>se</strong></span> <span class='ocrx_word' id='word_1_49' title='bbox 714 609 985 670; x_wconf 82' lang='lat' dir='ltr'><strong>appellatum</strong></span> <span class='ocrx_word' id='word_1_50' title='bbox 1024 609 1154 657; x_wconf 86' lang='lat' dir='ltr'><strong>laetus</strong></span> <span class='ocrx_word' id='word_1_51' title='bbox 1186 613 1371 673; x_wconf 85' lang='lat' dir='ltr'><strong>accepit.</strong></span> <span class='ocrx_word' id='word_1_52' title='bbox 1435 609 1559 657; x_wconf 88' lang='lat' dir='ltr'><strong>Tum</strong></span> <span class='ocrx_word' id='word_1_53' title='bbox 1628 624 1640 631; x_wconf 68' lang='grc'><strong>“</strong></span> 
     </span>
    </p>
   </div>
   <div class='ocr_carea' id='block_1_6' title="bbox 217 673 1565 1191">
    <p class='ocr_par' dir='ltr' id='par_1_6' title="bbox 217 673 1565 1191">
     <span class='ocr_line' id='line_1_8' title="bbox 217 673 1561 739; baseline 0 -18"><span class='ocrx_word' id='word_1_54' title='bbox 217 690 333 722; x_wconf 82' lang='lat' dir='ltr'><strong>vero</strong></span> <span class='ocrx_word' id='word_1_55' title='bbox 367 676 463 735; x_wconf 81' lang='lat' dir='ltr'><strong>Jam</strong></span> <span class='ocrx_word' id='word_1_56' title='bbox 503 673 830 734; x_wconf 79' lang='lat' dir='ltr'><strong>conspiratione</strong></span> <span class='ocrx_word' id='word_1_57' title='bbox 875 675 1069 729; x_wconf 70' lang='lat' dir='ltr'><strong>senatssS,</strong></span> <span class='ocrx_word' id='word_1_58' title='bbox 1116 676 1213 737; x_wconf 86' lang='lat' dir='ltr'><strong>ipso</strong></span> <span class='ocrx_word' id='word_1_59' title='bbox 1256 691 1434 737; x_wconf 90' lang='lat' dir='ltr'><strong>quoque</strong></span> <span class='ocrx_word' id='word_1_60' title='bbox 1462 678 1561 739; x_wconf 75' lang='lat' dir='ltr'><strong>Jam</strong></span> 
     </span>
     <span class='ocr_line' id='line_1_9' title="bbox 219 737 1565 801; baseline 0.001 -15"><span class='ocrx_word' id='word_1_61' title='bbox 219 738 376 787; x_wconf 84' lang='lat' dir='ltr'><strong>Mario</strong></span> <span class='ocrx_word' id='word_1_62' title='bbox 397 738 581 784; x_wconf 87' lang='lat' dir='ltr'><strong>consule</strong></span> <span class='ocrx_word' id='word_1_63' title='bbox 597 737 724 800; x_wconf 78' lang='lat' dir='ltr'><strong>(quia</strong></span> <span class='ocrx_word' id='word_1_64' title='bbox 743 739 856 784; x_wconf 85' lang='lat' dir='ltr'><strong>tueri</strong></span> <span class='ocrx_word' id='word_1_65' title='bbox 879 754 969 785; x_wconf 92' lang='lat' dir='ltr'><strong>non</strong></span> <span class='ocrx_word' id='word_1_66' title='bbox 983 738 1177 801; x_wconf 86' lang='lat' dir='ltr'><strong>poterat)</strong></span> <span class='ocrx_word' id='word_1_67' title='bbox 1196 740 1395 795; x_wconf 83' lang='lat' dir='ltr'><strong>adverso,</strong></span> <span class='ocrx_word' id='word_1_68' title='bbox 1419 741 1565 788; x_wconf 87' lang='lat' dir='ltr'><strong>direc-</strong></span> 
     </span>
     <span class='ocr_line' id='line_1_10' title="bbox 222 801 1563 866; baseline 0.002 -16"><span class='ocrx_word' id='word_1_69' title='bbox 222 812 289 850; x_wconf 79' lang='lat' dir='ltr'><strong>tae</strong></span> <span class='ocrx_word' id='word_1_70' title='bbox 314 801 488 849; x_wconf 83' lang='lat' dir='ltr'><strong>in-foro</strong></span> <span class='ocrx_word' id='word_1_71' title='bbox 511 803 654 848; x_wconf 84' lang='lat' dir='ltr'><strong>acies:</strong></span> <span class='ocrx_word' id='word_1_72' title='bbox 693 802 908 864; x_wconf 83' lang='lat' dir='ltr'><strong>expulsus</strong></span> <span class='ocrx_word' id='word_1_73' title='bbox 938 804 1045 850; x_wconf 85' lang='lat' dir='ltr'><strong>inde</strong></span> <span class='ocrx_word' id='word_1_74' title='bbox 1074 802 1346 866; x_wconf 84' lang='lat' dir='ltr'><strong>Capitolium</strong></span> <span class='ocrx_word' id='word_1_75' title='bbox 1382 805 1563 853; x_wconf 78' lang='lat' dir='ltr'><strong>invasit.</strong></span> 
     </span>
     <span class='ocr_line' id='line_1_11' title="bbox 225 866 1563 932; baseline 0.001 -17"><span class='ocrx_word' id='word_1_76' title='bbox 225 868 318 915; x_wconf 81' lang='lat' dir='ltr'><strong>Sed</strong></span> <span class='ocrx_word' id='word_1_77' title='bbox 339 882 457 921; x_wconf 88' lang='lat' dir='ltr'><strong>cum,</strong></span> <span class='ocrx_word' id='word_1_78' title='bbox 475 866 670 928; x_wconf 78' lang='lat' dir='ltr'><strong>abruptis</strong></span> <span class='ocrx_word' id='word_1_79' title='bbox 690 866 864 923; x_wconf 79' lang='lat' dir='ltr'><strong>fistulis,</strong></span> <span class='ocrx_word' id='word_1_80' title='bbox 889 868 1177 923; x_wconf 78' lang='lat' dir='ltr'><strong>obsideretur,</strong></span> <span class='ocrx_word' id='word_1_81' title='bbox 1201 871 1462 931; x_wconf 86' lang='lat' dir='ltr'><strong>senatuique</strong></span> <span class='ocrx_word' id='word_1_82' title='bbox 1484 885 1563 932; x_wconf 85' lang='lat' dir='ltr'><strong>per</strong></span> 
     </span>
     <span class='ocr_line' id='line_1_12' title="bbox 221 930 1563 997; baseline 0.001 -18"><span class='ocrx_word' id='word_1_83' title='bbox 221 933 400 995; x_wconf 74' lang='lat' dir='ltr'><strong>legatos</strong></span> <span class='ocrx_word' id='word_1_84' title='bbox 423 932 703 993; x_wconf 77' lang='lat' dir='ltr'><strong>poenitentiae</strong></span> <span class='ocrx_word' id='word_1_85' title='bbox 736 930 869 979; x_wconf 87' lang='lat' dir='ltr'><strong>fidem</strong></span> <span class='ocrx_word' id='word_1_86' title='bbox 897 932 1080 988; x_wconf 80' lang='lat' dir='ltr'><strong>faceret,</strong></span> <span class='ocrx_word' id='word_1_87' title='bbox 1104 934 1159 980; x_wconf 83' lang='lat' dir='ltr'><strong>ab</strong></span> <span class='ocrx_word' id='word_1_88' title='bbox 1191 949 1293 980; x_wconf 87' lang='lat' dir='ltr'><strong>arce</strong></span> <span class='ocrx_word' id='word_1_89' title='bbox 1324 934 1563 997; x_wconf 75' lang='lat' dir='ltr'><strong>degressus</strong></span> 
     </span>
     <span class='ocr_line' id='line_1_13' title="bbox 223 996 1564 1059; baseline 0.001 -16"><span class='ocrx_word' id='word_1_90' title='bbox 223 1010 329 1043; x_wconf 87' lang='lat' dir='ltr'><strong>cum</strong></span> <span class='ocrx_word' id='word_1_91' title='bbox 365 996 551 1043; x_wconf 85' lang='lat' dir='ltr'><strong>ducibus</strong></span> <span class='ocrx_word' id='word_1_92' title='bbox 588 996 796 1043; x_wconf 83' lang='lat' dir='ltr'><strong>factionis</strong></span> <span class='ocrx_word' id='word_1_93' title='bbox 828 1005 1035 1059; x_wconf 85' lang='lat' dir='ltr'><strong>receptus</strong></span> <span class='ocrx_word' id='word_1_94' title='bbox 1062 999 1111 1044; x_wconf 91' lang='lat' dir='ltr'><strong>in</strong></span> <span class='ocrx_word' id='word_1_95' title='bbox 1143 999 1313 1045; x_wconf 84' lang='lat' dir='ltr'><strong>curiam</strong></span> <span class='ocrx_word' id='word_1_96' title='bbox 1342 1006 1425 1045; x_wconf 84' lang='lat' dir='ltr'><strong>est.</strong></span> <span class='ocrx_word' id='word_1_97' title='bbox 1491 996 1564 1045; x_wconf 88' lang='lat' dir='ltr'><strong>Ibi</strong></span> 
     </span>
     <span class='ocr_line' id='line_1_14' title="bbox 225 1059 1563 1126; baseline 0.002 -18"><span class='ocrx_word' id='word_1_98' title='bbox 225 1076 348 1117; x_wconf 86' lang='lat' dir='ltr'><strong>eum,</strong></span> <span class='ocrx_word' id='word_1_99' title='bbox 373 1059 492 1107; x_wconf 58' lang='lat' dir='ltr'><strong>sacta</strong></span> <span class='ocrx_word' id='word_1_100' title='bbox 519 1062 777 1122; x_wconf 87' lang='lat' dir='ltr'><strong>irruptione,</strong></span> <span class='ocrx_word' id='word_1_101' title='bbox 815 1062 1007 1124; x_wconf 87' lang='lat' dir='ltr'><strong>populus</strong></span> <span class='ocrx_word' id='word_1_102' title='bbox 1038 1062 1231 1109; x_wconf 77' lang='lat' dir='ltr'><strong>fustibus</strong></span> <span class='ocrx_word' id='word_1_103' title='bbox 1254 1064 1461 1126; x_wconf 80' lang='lat' dir='ltr'><strong>saxisque</strong></span> <span class='ocrx_word' id='word_1_104' title='bbox 1484 1078 1563 1111; x_wconf 88' lang='lat' dir='ltr'><strong>co-</strong></span> 
     </span>
     <span class='ocr_line' id='line_1_15' title="bbox 223 1124 1555 1191; baseline 0.002 -18"><span class='ocrx_word' id='word_1_105' title='bbox 223 1132 433 1191; x_wconf 86' lang='lat' dir='ltr'><strong>opertum</strong></span> <span class='ocrx_word' id='word_1_106' title='bbox 451 1126 496 1171; x_wconf 87' lang='lat' dir='ltr'><strong>in</strong></span> <span class='ocrx_word' id='word_1_107' title='bbox 519 1124 616 1188; x_wconf 62' lang='lat' dir='ltr'><strong>ipsa</strong></span> <span class='ocrx_word' id='word_1_108' title='bbox 629 1141 806 1188; x_wconf 87' lang='lat' dir='ltr'><strong>quoque</strong></span> <span class='ocrx_word' id='word_1_109' title='bbox 827 1134 975 1175; x_wconf 86' lang='lat' dir='ltr'><strong>morte</strong></span> <span class='ocrx_word' id='word_1_110' title='bbox 994 1128 1219 1175; x_wconf 83' lang='lat' dir='ltr'><strong>laceravit.</strong></span> <span class='ocrx_word' id='word_1_111' title='bbox 1550 1142 1555 1147; x_wconf 89' lang='lat'><em>·</em></span> 
     </span>
    </p>
   </div>
   <div class='ocr_carea' id='block_1_7' title="bbox 660 1318 1134 1500">
    <p class='ocr_par' dir='ltr' id='par_1_7' title="bbox 660 1318 1134 1500">
     <span class='ocr_line' id='line_1_16' title="bbox 711 1318 1067 1389; baseline -0.006 -20"><span class='ocrx_word' id='word_1_112' title='bbox 711 1318 869 1389; x_wconf 39' lang='lat' dir='ltr'><strong>cAP,</strong></span> <span class='ocrx_word' id='word_1_113' title='bbox 893 1320 1067 1368; x_wconf 85' lang='lat' dir='ltr'>XVII.</span> 
     </span>
     <span class='ocr_line' id='line_1_17' title="bbox 660 1450 1134 1500; baseline 0.004 -3"><span class='ocrx_word' id='word_1_114' title='bbox 660 1450 912 1498; x_wconf 76' lang='lat' dir='ltr'><strong>Drusiana</strong></span> <span class='ocrx_word' id='word_1_115' title='bbox 945 1451 1134 1500; x_wconf 71' lang='lat' dir='ltr'><strong>seditio.</strong></span> 
     </span>
    </p>
   </div>
   <div class='ocr_carea' id='block_1_8' title="bbox 223 1576 1569 1967">
    <p class='ocr_par' dir='ltr' id='par_1_8' title="bbox 223 1576 1569 1967">
     <span class='ocr_line' id='line_1_18' title="bbox 297 1576 1567 1628; baseline 0 0"><span class='ocrx_word' id='word_1_116' title='bbox 297 1577 561 1628; x_wconf 66' lang='lat' dir='ltr'><strong>Pus-ranno</strong></span> <span class='ocrx_word' id='word_1_117' title='bbox 595 1578 758 1627; x_wconf 80' lang='lat' dir='ltr'><strong>Livius</strong></span> <span class='ocrx_word' id='word_1_118' title='bbox 792 1576 977 1628; x_wconf 84' lang='lat' dir='ltr'><strong>Drusus</strong></span> <span class='ocrx_word' id='word_1_119' title='bbox 1015 1593 1107 1628; x_wconf 89' lang='lat' dir='ltr'><strong>non</strong></span> <span class='ocrx_word' id='word_1_120' title='bbox 1146 1579 1394 1628; x_wconf 73' lang='lat' dir='ltr'><strong>tribunatus</strong></span> <span class='ocrx_word' id='word_1_121' title='bbox 1432 1580 1567 1628; x_wconf 87' lang='lat' dir='ltr'><strong>modo</strong></span> 
     </span>
     <span class='ocr_line' id='line_1_19' title="bbox 227 1645 1569 1706; baseline 0 -14"><span class='ocrx_word' id='word_1_122' title='bbox 227 1646 413 1699; x_wconf 81' lang='lat' dir='ltr'><strong>viribus,</strong></span> <span class='ocrx_word' id='word_1_123' title='bbox 437 1645 518 1692; x_wconf 81' lang='lat' dir='ltr'><strong>sed</strong></span> <span class='ocrx_word' id='word_1_124' title='bbox 533 1645 671 1706; x_wconf 89' lang='lat' dir='ltr'><strong>ipsius</strong></span> <span class='ocrx_word' id='word_1_125' title='bbox 687 1646 821 1691; x_wconf 86' lang='lat' dir='ltr'><strong>etiam</strong></span> <span class='ocrx_word' id='word_1_126' title='bbox 847 1645 1027 1692; x_wconf 65' lang='lat' dir='ltr'><strong>senatus</strong></span> <span class='ocrx_word' id='word_1_127' title='bbox 1049 1646 1325 1700; x_wconf 85' lang='lat' dir='ltr'><strong>auctoritate,</strong></span> <span class='ocrx_word' id='word_1_128' title='bbox 1343 1645 1569 1706; x_wconf 84' lang='lat' dir='ltr'><strong>totiusque</strong></span> 
     </span>
     <span class='ocr_line' id='line_1_20' title="bbox 227 1707 1567 1771; baseline 0 -15"><span class='ocrx_word' id='word_1_129' title='bbox 227 1707 380 1757; x_wconf 72' lang='lat' dir='ltr'><strong>Itali&#39;ae</strong></span> <span class='ocrx_word' id='word_1_130' title='bbox 407 1724 644 1764; x_wconf 77' lang='lat' dir='ltr'><strong>consensu,</strong></span> <span class='ocrx_word' id='word_1_131' title='bbox 667 1709 844 1756; x_wconf 81' lang='lat' dir='ltr'><strong>easdem</strong></span> <span class='ocrx_word' id='word_1_132' title='bbox 865 1710 997 1771; x_wconf 85' lang='lat' dir='ltr'><strong>leges</strong></span> <span class='ocrx_word' id='word_1_133' title='bbox 1015 1725 1213 1756; x_wconf 85' lang='lat' dir='ltr'><strong>asserere</strong></span> <span class='ocrx_word' id='word_1_134' title='bbox 1234 1716 1435 1764; x_wconf 86' lang='lat' dir='ltr'><strong>conatus,</strong></span> <span class='ocrx_word' id='word_1_135' title='bbox 1461 1711 1567 1756; x_wconf 87' lang='lat' dir='ltr'><strong>dum</strong></span> 
     </span>
     <span class='ocr_line' id='line_1_21' title="bbox 228 1773 1569 1836; baseline -0.001 -14"><span class='ocrx_word' id='word_1_136' title='bbox 228 1775 352 1822; x_wconf 79' lang='lat' dir='ltr'><strong>aliud</strong></span> <span class='ocrx_word' id='word_1_137' title='bbox 380 1780 530 1836; x_wconf 86' lang='lat' dir='ltr'><strong>captat</strong></span> <span class='ocrx_word' id='word_1_138' title='bbox 550 1789 608 1820; x_wconf 87' lang='lat' dir='ltr'><strong>ex</strong></span> <span class='ocrx_word' id='word_1_139' title='bbox 629 1774 728 1830; x_wconf 84' lang='lat' dir='ltr'><strong>alio,</strong></span> <span class='ocrx_word' id='word_1_140' title='bbox 767 1781 941 1820; x_wconf 85' lang='lat' dir='ltr'><strong>tantum</strong></span> <span class='ocrx_word' id='word_1_141' title='bbox 978 1773 1193 1821; x_wconf 88' lang='lat' dir='ltr'><strong>conflavit</strong></span> <span class='ocrx_word' id='word_1_142' title='bbox 1223 1775 1492 1828; x_wconf 87' lang='lat' dir='ltr'><strong>incendium,</strong></span> <span class='ocrx_word' id='word_1_143' title='bbox 1517 1781 1569 1821; x_wconf 87' lang='lat' dir='ltr'><strong>ut</strong></span> 
     </span>
     <span class='ocr_line' id='line_1_22' title="bbox 223 1837 1569 1900; baseline 0.001 -14"><span class='ocrx_word' id='word_1_144' title='bbox 223 1853 292 1886; x_wconf 66' lang='lat' dir='ltr'><strong>‘ne</strong></span> <span class='ocrx_word' id='word_1_145' title='bbox 325 1839 472 1900; x_wconf 81' lang='lat' dir='ltr'><strong>prima</strong></span> <span class='ocrx_word' id='word_1_146' title='bbox 505 1839 622 1885; x_wconf 83' lang='lat' dir='ltr'><strong>illius</strong></span> <span class='ocrx_word' id='word_1_147' title='bbox 655 1837 836 1885; x_wconf 85' lang='lat' dir='ltr'><strong>flamma</strong></span> <span class='ocrx_word' id='word_1_148' title='bbox 879 1847 1031 1900; x_wconf 84' lang='lat' dir='ltr'><strong>posset</strong></span> <span class='ocrx_word' id='word_1_149' title='bbox 1066 1840 1309 1898; x_wconf 80' lang='lat' dir='ltr'><strong>sustineri3</strong></span> <span class='ocrx_word' id='word_1_150' title='bbox 1342 1846 1390 1887; x_wconf 90' lang='lat' dir='ltr'><strong>et</strong></span> <span class='ocrx_word' id='word_1_151' title='bbox 1422 1837 1569 1888; x_wconf 74' lang='lat' dir='ltr'><strong>subita</strong></span> 
     </span>
     <span class='ocr_line' id='line_1_23' title="bbox 227 1903 1569 1967; baseline 0 -17"><span class='ocrx_word' id='word_1_152' title='bbox 227 1910 378 1951; x_wconf 81' lang='lat' dir='ltr'><strong>morte</strong></span> <span class='ocrx_word' id='word_1_153' title='bbox 399 1910 641 1965; x_wconf 87' lang='lat' dir='ltr'><strong>correptus,</strong></span> <span class='ocrx_word' id='word_1_154' title='bbox 655 1904 983 1951; x_wconf 64' lang='lat' dir='ltr'><strong>haereditarium</strong></span> <span class='ocrx_word' id='word_1_155' title='bbox 999 1906 1045 1951; x_wconf 89' lang='lat' dir='ltr'><strong>in</strong></span> <span class='ocrx_word' id='word_1_156' title='bbox 1061 1913 1265 1967; x_wconf 87' lang='lat' dir='ltr'><strong>posteros</strong></span> <span class='ocrx_word' id='word_1_157' title='bbox 1278 1919 1383 1952; x_wconf 87' lang='lat' dir='ltr'><strong>suos</strong></span> <span class='ocrx_word' id='word_1_158' title='bbox 1403 1903 1569 1952; x_wconf 82' lang='lat' dir='ltr'><strong>bellum</strong></span> 
     </span>
    </p>
   </div>
   <div class='ocr_carea' id='block_1_9' title="bbox 226 1966 1655 2032">
    <p class='ocr_par' dir='ltr' id='par_1_9' title="bbox 226 1966 1655 2032">
     <span class='ocr_line' id='line_1_24' title="bbox 226 1966 1655 2032; baseline 0 -16"><span class='ocrx_word' id='word_1_159' title='bbox 226 1975 514 2032; x_wconf 77' lang='lat' dir='ltr'><strong>propagaret.</strong></span> <span class='ocrx_word' id='word_1_160' title='bbox 573 1967 608 2016; x_wconf 91' lang='lat' dir='ltr'><strong>J</strong></span> <span class='ocrx_word' id='word_1_161' title='bbox 610 1966 818 2015; x_wconf 63' lang='lat' dir='ltr'><strong>udiciaria</strong></span> <span class='ocrx_word' id='word_1_162' title='bbox 849 1969 955 2031; x_wconf 82' lang='lat' dir='ltr'><strong>lege</strong></span> <span class='ocrx_word' id='word_1_163' title='bbox 993 1970 1187 2016; x_wconf 82' lang='lat' dir='ltr'><strong>Gracchi</strong></span> <span class='ocrx_word' id='word_1_164' title='bbox 1222 1970 1467 2017; x_wconf 83' lang='lat' dir='ltr'><strong>diviserant</strong></span> <span class='ocrx_word' id='word_1_165' title='bbox 1487 1985 1571 2030; x_wconf 86' lang='lat' dir='ltr'><strong>po-</strong></span> <span class='ocrx_word' id='word_1_166' title='bbox 1649 1988 1655 1996; x_wconf 72' lang='lat'><strong><em>¹</em></strong></span> 
     </span>
    </p>
   </div>
   <div class='ocr_carea' id='block_1_10' title="bbox 187 2032 1573 2679">
    <p class='ocr_par' dir='ltr' id='par_1_10' title="bbox 187 2032 1573 2679">
     <span class='ocr_line' id='line_1_25' title="bbox 227 2032 1571 2096; baseline 0.001 -17"><span class='ocrx_word' id='word_1_167' title='bbox 227 2034 388 2096; x_wconf 83' lang='lat' dir='ltr'><strong>pulum</strong></span> <span class='ocrx_word' id='word_1_168' title='bbox 410 2032 684 2084; x_wconf 80' lang='lat' dir='ltr'><strong>Romanum,</strong></span> <span class='ocrx_word' id='word_1_169' title='bbox 717 2042 766 2080; x_wconf 87' lang='lat' dir='ltr'><strong>et</strong></span> <span class='ocrx_word' id='word_1_170' title='bbox 785 2033 1007 2096; x_wconf 87' lang='lat' dir='ltr'><strong>bicipitem</strong></span> <span class='ocrx_word' id='word_1_171' title='bbox 1030 2049 1089 2080; x_wconf 85' lang='lat' dir='ltr'><strong>ex</strong></span> <span class='ocrx_word' id='word_1_172' title='bbox 1112 2033 1203 2080; x_wconf 59' lang='lat' dir='ltr'><strong>una</strong></span> <span class='ocrx_word' id='word_1_173' title='bbox 1228 2034 1427 2082; x_wconf 79' lang='lat' dir='ltr'><strong>fecerant</strong></span> <span class='ocrx_word' id='word_1_174' title='bbox 1458 2035 1571 2080; x_wconf 81' lang='lat' dir='ltr'><strong>civi-</strong></span> 
     </span>
     <span class='ocr_line' id='line_1_26' title="bbox 225 2097 1571 2161; baseline -0.001 -15"><span class='ocrx_word' id='word_1_175' title='bbox 225 2105 384 2146; x_wconf 76' lang='lat' dir='ltr'><strong>tatem.</strong></span> <span class='ocrx_word' id='word_1_176' title='bbox 450 2097 641 2158; x_wconf 85' lang='lat' dir='ltr'><strong>Equites</strong></span> <span class='ocrx_word' id='word_1_177' title='bbox 661 2097 858 2145; x_wconf 72' lang='lat' dir='ltr'><strong>Romani</strong></span> <span class='ocrx_word' id='word_1_178' title='bbox 891 2099 1021 2146; x_wconf 66' lang='lat' dir='ltr'><strong>tanta</strong></span> <span class='ocrx_word' id='word_1_179' title='bbox 1049 2106 1269 2161; x_wconf 83' lang='lat' dir='ltr'><strong>potestate</strong></span> <span class='ocrx_word' id='word_1_180' title='bbox 1298 2099 1490 2154; x_wconf 84' lang='lat' dir='ltr'><strong>subnixi,</strong></span> <span class='ocrx_word' id='word_1_181' title='bbox 1521 2106 1571 2145; x_wconf 91' lang='lat' dir='ltr'><strong>ut</strong></span> 
     </span>
     <span class='ocr_line' id='line_1_27' title="bbox 229 2161 1567 2226; baseline -0.001 -16"><span class='ocrx_word' id='word_1_182' title='bbox 229 2164 314 2224; x_wconf 84' lang='lat' dir='ltr'><strong>qui·</strong></span> <span class='ocrx_word' id='word_1_183' title='bbox 340 2162 436 2208; x_wconf 82' lang='lat' dir='ltr'><strong>fata</strong></span> <span class='ocrx_word' id='word_1_184' title='bbox 471 2161 779 2226; x_wconf 54' lang='lat' dir='ltr'><strong>fortunasque⁵</strong></span> <span class='ocrx_word' id='word_1_185' title='bbox 795 2163 1043 2226; x_wconf 87' lang='lat' dir='ltr'><strong>principum</strong></span> <span class='ocrx_word' id='word_1_186' title='bbox 1080 2166 1293 2211; x_wconf 80' lang='lat' dir='ltr'><strong>haberent</strong></span> <span class='ocrx_word' id='word_1_187' title='bbox 1324 2164 1371 2210; x_wconf 90' lang='lat' dir='ltr'><strong>in</strong></span> <span class='ocrx_word' id='word_1_188' title='bbox 1414 2177 1567 2218; x_wconf 83' lang='lat' dir='ltr'><strong>manu,</strong></span> 
     </span>
     <span class='ocr_line' id='line_1_28' title="bbox 231 2227 1571 2292; baseline -0.001 -18"><span class='ocrx_word' id='word_1_189' title='bbox 231 2227 493 2289; x_wconf 82' lang='lat' dir='ltr'><strong>interceptis</strong></span> <span class='ocrx_word' id='word_1_190' title='bbox 526 2227 833 2288; x_wconf 80' lang='lat' dir='ltr'><strong>vectigalibus,</strong></span> <span class='ocrx_word' id='word_1_191' title='bbox 869 2229 1187 2290; x_wconf 75' lang='lat' dir='ltr'><strong>peaulabantur</strong></span> <span class='ocrx_word' id='word_1_192' title='bbox 1218 2245 1303 2276; x_wconf 88' lang='lat' dir='ltr'><strong>suo</strong></span> <span class='ocrx_word' id='word_1_193' title='bbox 1326 2229 1429 2292; x_wconf 85' lang='lat' dir='ltr'><strong>jure</strong></span> <span class='ocrx_word' id='word_1_194' title='bbox 1450 2242 1571 2274; x_wconf 81' lang='lat' dir='ltr'><strong>rem-</strong></span> 
     </span>
     <span class='ocr_line' id='line_1_29' title="bbox 187 2291 1570 2356; baseline 0 -18"><span class='ocrx_word' id='word_1_195' title='bbox 187 2331 203 2352; x_wconf 78' lang='lat'><strong>,</strong></span> <span class='ocrx_word' id='word_1_196' title='bbox 227 2293 470 2356; x_wconf 79' lang='lat' dir='ltr'><strong>publicam.</strong></span> <span class='ocrx_word' id='word_1_197' title='bbox 555 2291 759 2348; x_wconf 85' lang='lat' dir='ltr'><strong>Senatus,</strong></span> <span class='ocrx_word' id='word_1_198' title='bbox 815 2294 975 2340; x_wconf 84' lang='lat' dir='ltr'><strong>exsilio</strong></span> <span class='ocrx_word' id='word_1_199' title='bbox 1031 2294 1227 2348; x_wconf 86' lang='lat' dir='ltr'><strong>Metelli,</strong></span> <span class='ocrx_word' id='word_1_200' title='bbox 1283 2293 1570 2339; x_wconf 80' lang='lat' dir='ltr'><strong>damnatione</strong></span> 
     </span>
     <span class='ocr_line' id='line_1_30' title="bbox 231 2355 1568 2421; baseline -0.001 -17"><span class='ocrx_word' id='word_1_201' title='bbox 231 2355 414 2412; x_wconf 77' lang='lat' dir='ltr'><strong>Rutilii,</strong></span> <span class='ocrx_word' id='word_1_202' title='bbox 451 2356 714 2411; x_wconf 81' lang='lat' dir='ltr'><strong>debilitatus,</strong></span> <span class='ocrx_word' id='word_1_203' title='bbox 751 2373 884 2406; x_wconf 89' lang='lat' dir='ltr'><strong>omne</strong></span> <span class='ocrx_word' id='word_1_204' title='bbox 905 2358 1042 2406; x_wconf 90' lang='lat' dir='ltr'><strong>decus</strong></span> <span class='ocrx_word' id='word_1_205' title='bbox 1073 2358 1318 2421; x_wconf 58' lang='lat' dir='ltr'><strong>maiestatis</strong></span> <span class='ocrx_word' id='word_1_206' title='bbox 1345 2357 1568 2404; x_wconf 76' lang='lat' dir='ltr'><strong>amiserat.</strong></span> 
     </span>
     <span class='ocr_line' id='line_1_31' title="bbox 231 2419 1573 2486; baseline 0 -18"><span class='ocrx_word' id='word_1_207' title='bbox 231 2419 296 2468; x_wconf 83' lang='lat' dir='ltr'><strong>In</strong></span> <span class='ocrx_word' id='word_1_208' title='bbox 329 2422 418 2469; x_wconf 84' lang='lat' dir='ltr'><strong>hoc</strong></span> <span class='ocrx_word' id='word_1_209' title='bbox 447 2429 566 2469; x_wconf 84' lang='lat' dir='ltr'><strong>statu</strong></span> <span class='ocrx_word' id='word_1_210' title='bbox 601 2437 764 2476; x_wconf 88' lang='lat' dir='ltr'><strong>rerum,</strong></span> <span class='ocrx_word' id='word_1_211' title='bbox 799 2437 931 2485; x_wconf 85' lang='lat' dir='ltr'><strong>pares</strong></span> <span class='ocrx_word' id='word_1_212' title='bbox 949 2424 1119 2486; x_wconf 80' lang='lat' dir='ltr'><strong>opibus,</strong></span> <span class='ocrx_word' id='word_1_213' title='bbox 1152 2423 1328 2480; x_wconf 80' lang='lat' dir='ltr'><strong>animis,</strong></span> <span class='ocrx_word' id='word_1_214' title='bbox 1350 2422 1573 2484; x_wconf 83' lang='lat' dir='ltr'><strong>dignitate</strong></span> 
     </span>
     <span class='ocr_line' id='line_1_32' title="bbox 235 2485 1568 2550; baseline -0.001 -16"><span class='ocrx_word' id='word_1_215' title='bbox 235 2487 385 2550; x_wconf 81' lang='lat' dir='ltr'><strong>(unde</strong></span> <span class='ocrx_word' id='word_1_216' title='bbox 419 2493 468 2533; x_wconf 89' lang='lat' dir='ltr'><strong>et</strong></span> <span class='ocrx_word' id='word_1_217' title='bbox 515 2493 620 2534; x_wconf 82' lang='lat' dir='ltr'><strong>nata</strong></span> <span class='ocrx_word' id='word_1_218' title='bbox 657 2485 794 2534; x_wconf 77' lang='lat' dir='ltr'><strong>Livio</strong></span> <span class='ocrx_word' id='word_1_219' title='bbox 836 2487 998 2536; x_wconf 82' lang='lat' dir='ltr'><strong>Druso</strong></span> <span class='ocrx_word' id='word_1_220' title='bbox 1035 2487 1261 2535; x_wconf 79' lang='lat' dir='ltr'><strong>aemulatio</strong></span> <span class='ocrx_word' id='word_1_221' title='bbox 1298 2485 1568 2547; x_wconf 79' lang='lat' dir='ltr'><strong>accesserat)</strong></span> 
     </span>
     <span class='ocr_line' id='line_1_33' title="bbox 231 2549 1571 2614; baseline 0 -16"><span class='ocrx_word' id='word_1_222' title='bbox 231 2552 436 2612; x_wconf 74' lang='lat' dir='ltr'><strong>equitem</strong></span> <span class='ocrx_word' id='word_1_223' title='bbox 463 2551 680 2599; x_wconf 80' lang='lat' dir='ltr'><strong>Servilius</strong></span> <span class='ocrx_word' id='word_1_224' title='bbox 725 2549 897 2614; x_wconf 85' lang='lat' dir='ltr'><strong>Caepio,</strong></span> <span class='ocrx_word' id='word_1_225' title='bbox 937 2559 1142 2600; x_wconf 84' lang='lat' dir='ltr'><strong>senatum</strong></span> <span class='ocrx_word' id='word_1_226' title='bbox 1182 2551 1348 2600; x_wconf 72' lang='lat' dir='ltr'><strong>‘Livius</strong></span> <span class='ocrx_word' id='word_1_227' title='bbox 1384 2550 1571 2600; x_wconf 86' lang='lat' dir='ltr'><strong>Drusus</strong></span> 
     </span>
     <span class='ocr_line' id='line_1_34' title="bbox 217 2614 1572 2679; baseline 0 -15"><span class='ocrx_word' id='word_1_228' title='bbox 217 2621 438 2664; x_wconf 72' lang='lat' dir='ltr'><strong>‘asserere</strong></span> <span class='ocrx_word' id='word_1_229' title='bbox 453 2633 467 2662; x_wconf 74' lang='lat' dir='ltr'><strong><em>z</em></strong></span> <span class='ocrx_word' id='word_1_230' title='bbox 495 2617 638 2679; x_wconf 82' lang='lat' dir='ltr'><strong>signa,</strong></span> <span class='ocrx_word' id='word_1_231' title='bbox 661 2621 709 2664; x_wconf 86' lang='lat' dir='ltr'><strong>et</strong></span> <span class='ocrx_word' id='word_1_232' title='bbox 729 2617 906 2679; x_wconf 84' lang='lat' dir='ltr'><strong>aquilae‚</strong></span> <span class='ocrx_word' id='word_1_233' title='bbox 932 2625 979 2665; x_wconf 91' lang='lat' dir='ltr'><strong>et</strong></span> <span class='ocrx_word' id='word_1_234' title='bbox 999 2617 1165 2664; x_wconf 81' lang='lat' dir='ltr'><strong>vexilla</strong></span> <span class='ocrx_word' id='word_1_235' title='bbox 1178 2618 1384 2666; x_wconf 58' lang='lat' dir='ltr'><strong>aderant,</strong></span> <span class='ocrx_word' id='word_1_236' title='bbox 1418 2614 1572 2665; x_wconf 86' lang='lat' dir='ltr'><strong>Caete·</strong></span> 
     </span>
    </p>
   </div>
   <div class='ocr_carea' id='block_1_11' title="bbox 219 2680 1589 2760">
    <p class='ocr_par' dir='ltr' id='par_1_11' title="bbox 219 2680 1589 2760">
     <span class='ocr_line' id='line_1_35' title="bbox 219 2680 1589 2760; baseline 0.001 -31"><span class='ocrx_word' id='word_1_237' title='bbox 219 2693 354 2741; x_wconf 57' lang='lat' dir='ltr'><strong>aum,</strong></span> <span class='ocrx_word' id='word_1_238' title='bbox 375 2681 442 2730; x_wconf 85' lang='lat' dir='ltr'><strong>sic</strong></span> <span class='ocrx_word' id='word_1_239' title='bbox 457 2681 630 2731; x_wconf 73' lang='lat' dir='ltr'><strong>urbein</strong></span> <span class='ocrx_word' id='word_1_240' title='bbox 657 2680 760 2741; x_wconf 60' lang='lat' dir='ltr'><strong>und,</strong></span> <span class='ocrx_word' id='word_1_241' title='bbox 777 2683 908 2745; x_wconf 72' lang='lat' dir='ltr'><strong>quasi</strong></span> <span class='ocrx_word' id='word_1_242' title='bbox 926 2683 975 2734; x_wconf 83' lang='lat' dir='ltr'><strong>in</strong></span> <span class='ocrx_word' id='word_1_243' title='bbox 994 2683 1109 2734; x_wconf 71' lang='lat' dir='ltr'><strong>binis</strong></span> <span class='ocrx_word' id='word_1_244' title='bbox 1132 2683 1301 2742; x_wconf 76' lang='lat' dir='ltr'><strong>castris,</strong></span> <span class='ocrx_word' id='word_1_245' title='bbox 1330 2681 1589 2760; x_wconf 64' lang='lat' dir='ltr'><strong>dissideba-v</strong></span> 
     </span>
    </p>
   </div>
  </div>
 </body>
</html>
