1838 2922
311 163 380 208 40
567 157 628 210 L.
648 159 710 211 A.
733 159 943 211 FLORI
975 159 1080 212 Ln-
1100 159 1171 211 11.
1202 160 1323 215 Cu·-
1340 163 1390 211 ’1.

826 419 976 472 ΟΑΡ.
1002 421 1121 472 vn.

559 551 752 601 Beuum
773 551 1129 602 Macedonicum
1141 553 1369 616 primum.

299 701 303 705 *
377 677 502 728 Pon
525 677 859 744 Carthaginem,
896 681 1017 729 vinei
1053 681 1275 730 neminem
1310 681 1483 745 puduit.
1545 681 1635 732 Se-

305 752 431 792 eutae
447 752 552 792 sunt
567 746 715 792 statim
726 745 928 793 Africam
941 753 1113 808 gentes,
1132 747 1415 802 Macedonia,
1430 747 1633 802 Graeeia,

311 809 457 870 syria,
483 816 734 872 coeteraque
755 811 918 866 omnia,
942 811 1132 873 quodam
1158 813 1282 873 quasi
1312 819 1427 859 aestu
1456 817 1505 859 et
1530 818 1628 860 tor-

307 881 438 920 rente
457 873 678 922 fortunae=
717 877 794 922 sed
815 875 947 937 primi
963 877 1162 922 omnium
1181 876 1469 932 Macedones,
1492 875 1629 924 affee-

305 944 430 985 tator
459 940 684 998 quondam
729 940 900 1001 imperii
937 942 1142 1002 populus.
1207 939 1380 1002 Itaque,
1423 941 1630 1002 quamvis

299 1009 420 1050 ‘tunc
441 1002 673 1067 Philippus
703 1019 844 1067 regno
873 1005 1145 1066 praesideret,
1166 1003 1362 1052 Romani
1385 1011 1535 1052 tamen
1556 1005 1629 1052 di-

307 1067 476 1114 micare
496 1069 577 1114 sibi
601 1084 702 1116 cum
725 1083 832 1130 rege
848 1068 1109 1116 Alexandro
1125 1070 1399 1118 videbantur.
1464 1069 1628 1116 Mace-

307 1131 520 1178 donicum
541 1134 705 1180 bellum
728 1134 912 1181 nomine
944 1136 1147 1196 amplius,
1182 1149 1313 1197 quam
1352 1135 1627 1196 spectatione

305 1197 460 1258 gentis
480 1196 580 1244 fuit.
645 1196 795 1248 Causa
817 1198 952 1261 coepit
974 1215 1001 1246 a
1020 1199 1190 1247 foedere
1212 1199 1418 1262 Philippi,
1440 1213 1529 1259 quo
1544 1213 1629 1246 rex

299 1261 398 1324 Jam
432 1261 604 1324 pridem
648 1263 951 1310 dominantem
996 1265 1043 1311 in
1066 1262 1199 1311 Italia
1221 1263 1523 1312 Hannibalem
1544 1264 1627 1310 sibi

303 1325 574 1373 sociaveratz
602 1334 758 1389 postea
773 1329 928 1382 crevit,
943 1329 1278 1390 implorantibus
1291 1326 1486 1376 Athenis
1498 1329 1626 1375 auxi-

301 1389 412 1436 lium
439 1397 596 1436 contra
617 1393 738 1452 regis
757 1393 955 1454 injurias,
980 1409 1082 1440 cum
1102 1394 1179 1440 ille
1200 1395 1319 1440 ultra
1330 1395 1408 1456 jus
1424 1392 1627 1440 victoria

299 1454 352 1500 in
374 1453 553 1515 templa,
578 1469 692 1509 aras,
727 1464 774 1501 et
805 1458 1011 1518 sepulcra
1045 1459 1155 1519 ipsa,
1192 1459 1387 1505 saeviret·
1448 1456 1625 1505 Placuit

299 1519 476 1566 senatui
499 1533 630 1580 opem
655 1521 792 1566 tantis
821 1520 941 1567 ferre
975 1523 1257 1585 supplicibus.
1324 1522 1503 1584 Quippe
1524 1523 1623 1585 jam

299 1584 505 1646 gentium
527 1598 676 1645 reges,
699 1584 846 1641 duces,
875 1588 1041 1647 populi,
1070 1588 1289 1641 nationes,
1318 1587 1523 1647 praesidia
1542 1586 1627 1634 sibi

299 1649 358 1694 ab
378 1648 462 1694 hac
487 1646 613 1694 Urbe
641 1650 862 1710 petebant.
932 1648 1085 1695 Primo
1113 1650 1264 1711 igitur,
1298 1649 1491 1697 Laevino
1511 1666 1625 1697 con-

297 1712 413 1767 tule,
435 1712 625 1773 populus
647 1712 884 1760 Romanus
907 1712 1087 1759 Ionium
1116 1728 1239 1760 mare
1258 1714 1503 1775 ingressus,
1524 1722 1623 1767 tota
1656 1755 1670 1765 „

301 1776 499 1823 Graeciae
533 1776 664 1825 litora
692 1778 832 1824 veluti
864 1778 1153 1839 triumphanti
1184 1778 1326 1825 classe
1354 1780 1628 1841 peragravit.

295 1839 454 1903 Spolia
485 1842 650 1903 quippe
681 1842 860 1896 Siciliae,
899 1840 1133 1899 Sardiniae,
1172 1840 1421 1905 Hispaniae,
1448 1843 1622 1893 Africa!

293 1904 559 1969 praeferebat
570 1924 586 1963 ς
611 1914 656 1953 et
671 1905 952 1953 manifestam
972 1906 1205 1953 victoriam
1222 1913 1327 1954 nata
1346 1908 1395 1953 in
1410 1907 1620 1969 praetorifi

293 1984 444 2033 puppe
463 1970 613 2018 laurus
627 1972 929 2032 pollicebatur.
978 1970 1150 2017 Aderat
1166 1980 1325 2033 sponte
1340 1972 1386 2017 in
1404 1973 1621 2020 auxilium

294 2034 493 2090 Attalus,
519 2050 599 2081 rex
623 2035 1032 2095 Pergamenorum:
1064 2035 1247 2083 aderant
1264 2034 1445 2091 Rhodii,
1468 2038 1617 2085 nauti-

294 2114 378 2147 eus
411 2100 630 2162 populus;
671 2099 747 2158 qui
783 2099 969 2145 navibus
1008 2114 1035 2145 a
1068 2101 1193 2154 mari,
1230 2102 1387 2147 consul
1424 2116 1451 2147 a
1484 2103 1617 2149 terris

293 2164 448 2211 omnia
477 2164 602 2223 equis
637 2162 830 2223 virisque
858 2164 1094 2225 quatiebat.
1156 2164 1241 2211 Bis
1262 2166 1408 2211 victus
1430 2180 1523 2222 rex,
1545 2168 1616 2214 bis

290 2228 488 2291 fugatus,
510 2228 578 2274 bis
600 2235 762 2273 exutus
782 2228 965 2285 castris;
1000 2244 1102 2275 cum
1125 2235 1277 2276 tamen
1299 2230 1409 2276 nihil
1440 2231 1619 2278 terribi-

287 2294 378 2341 lius
401 2292 728 2339 Macedonibus
747 2290 833 2338 fuit
852 2292 950 2355 ipso
971 2293 1206 2341 vulnerum
1221 2295 1463 2355 adspectu3
1496 2310 1617 2356 quae,

289 2372 384 2405 non
417 2355 610 2419 spiculis.
645 2370 734 2402 non
769 2358 961 2419 sagittis,
994 2372 1079 2404 nee
1112 2359 1203 2405 ullo
1234 2358 1449 2405 Graeculo
1480 2359 1616 2417 ferro,

291 2422 372 2470 sed
405 2421 660 2482 ingentibus
697 2420 812 2482 pilis,
849 2438 934 2469 nec
971 2424 1217 2471 minoribus
1252 2424 1407 2469 adacta
1438 2424 1615 2485 gladiis,

287 2486 410 2533 ultra
427 2491 619 2530 mortem
640 2486 862 2547 patebant.
924 2486 1186 2543 Enimvero,
1223 2486 1454 2535 Flaminio⁴
1486 2488 1615 2545 duce,

289 2550 437 2596 invios
458 2558 590 2595 antea
613 2545 848 2597 Chaonum
865 2560 1057 2605 montes,
1080 2551 1322 2611 Aoumque
1337 2566 1513 2599 amnem
1529 2569 1614 2615 per

286 2614 474 2676 abrupta
493 2613 742 2669 vadentem,
764 2615 810 2661 id
839 2622 923 2670 est,
954 2616 1053 2677 ipsa
1078 2614 1366 2663 Macedonia
1396 2616 1613 2674 claustra,

283 2677 634 2745 penetravimus.
712 2676 935 2733 Introisse
966 2680 1155 2733 victoria
1189 2678 1301 2729 fuit:
1339 2694 1445 2735 nam
1483 2694 1607 2731 nuu-
