1838 2922
428 119 487 180 c.
506 122 570 174 v,
593 121 998 176 PATERCULI
1025 123 1136 174 Lu.
1158 122 1226 173 11.
1261 123 1384 177 cn.
1404 127 1482 175 ⁷2..
1553 126 1626 172 ω

292 253 403 316 quit,
435 257 468 284 ‘⁸
488 269 607 309 eum,
632 269 767 314 quem
788 269 891 302 mea
910 254 1075 303 occidit
1101 255 1289 302 tarditas
1300 253 1350 312 ;”
1397 262 1444 302 et
1478 254 1544 303 ita
1575 251 1624 300 iu

292 318 493 382 gladium
516 319 733 368 incubuit.
801 319 911 368 Post
944 335 1112 381 paucos
1149 319 1307 366 deinde
1331 319 1426 366 dies
1447 318 1620 367 Brutus

292 381 497 430 conflixit
517 398 620 430 cum
642 384 871 432 hostibus:
910 390 958 430 et
977 385 1126 430 victus
1141 383 1250 436 acie,
1269 397 1372 432 cum
1395 384 1443 428 in
1463 390 1616 430 tumu-

290 447 387 496 lum
416 455 551 494 nocte
583 463 643 494 ex
676 447 788 510 fuga
822 464 871 496 se
892 449 1143 510 recepisset,
1166 448 1421 510 impetravit
1441 462 1468 492 a
1491 447 1618 492 Stra-

292 519 403 558 tone
416 512 629 574 AEgeate,
652 512 857 559 familiari
874 529 970 568 suo,
993 521 1044 559 ut
1059 528 1241 560 manum
1258 513 1474 558 morituro
1491 525 1618 556 com-

294 576 497 624 modaret
528 577 639 634 sibi3
674 579 930 639 rejectoque
958 578 1075 624 laevo
1109 593 1244 640 super
1269 585 1404 638 caput
1423 575 1620 630 brachio,

292 655 397 688 cum
418 657 677 690 mucronem
700 641 839 702 gladii
859 645 970 704 ejus,
1001 641 1186 689 dextera
1217 651 1389 694 tenens,
1425 641 1620 686 sinistrae

293 705 569 754 admovisset
600 707 825 760 mamillae,
864 707 1046 756 adeum
1069 707 1214 768 ipsum
1243 708 1408 760 locum,
1431 703 1520 766 qua
1539 719 1618 752 cot

292 770 468 823 emicat,
495 771 727 832 impellens
757 787 807 818 se
837 772 885 816 in
919 771 1098 826 vulnus,
1133 785 1222 818 uno
1251 771 1345 816 ictu
1376 768 1619 818 transfixus

294 835 536 896 exspiravit
556 835 776 896 protinus.
1143 885 1146 888 ,
1223 879 1229 887 .

360 897 551 944 LXXI.
574 899 786 954 Messala,
805 900 1162 968 fulgentissimus
1175 901 1372 962 juvenis,
1388 897 1620 960 proximus

296 963 342 1008 in
364 963 451 1010 illis
473 965 629 1010 castris
651 963 782 1012 Bruti
802 963 1039 1024 Cassiique
1061 965 1324 1018 auctoritati,
1347 979 1450 1010 cum
1467 971 1620 1010 essent

292 1028 369 1088 qui
390 1043 493 1074 eum
516 1029 673 1075 ducem
694 1037 944 1090 poscerent,
985 1031 1151 1076 servari
1184 1028 1398 1076 beneficio
1423 1026 1622 1075 Caesaris

292 1092 463 1146 maluit,
488 1108 621 1154 quam
644 1093 819 1140 dubiam
843 1109 970 1156 spem
985 1109 1210 1141 armorum
1225 1102 1396 1140 tentare
1413 1093 1618 1154 amplius-

290 1155 343 1206 N
344 1172 395 1203 ec
416 1165 495 1204 aut
508 1155 683 1206 Caesari
702 1159 941 1220 quidqfflm
959 1175 1018 1206 ex
1034 1160 1232 1206 victoriis
1247 1160 1340 1206 suis
1355 1159 1441 1204 fuit
1455 1157 1618 1214 laetius,

292 1237 425 1282 quam
449 1221 651 1270 servasse
674 1221 923 1272 Corvinum
943 1242 958 1281 ;
992 1231 1070 1271 aut
1089 1226 1233 1288 majus
1255 1223 1512 1285 exemplum
1535 1223 1620 1274 hoq

290 1287 426 1334 minis
456 1288 572 1348 grati
600 1303 653 1334 ac
681 1290 757 1348 pii,
782 1304 915 1348 quam
942 1287 1170 1336 Corvinus
1197 1290 1242 1334 in
1269 1287 1495 1336 Caesarem
1517 1286 1620 1334 fuit.

291 1349 403 1397 Non
426 1351 543 1397 aliud
562 1351 729 1397 bellum
750 1353 977 1398 cruentius
994 1353 1116 1398 caede
1131 1353 1474 1399 clarissimorum
1497 1352 1620 1398 viro-

292 1427 393 1460 rum
414 1413 513 1461 fuit.
577 1413 697 1461 Tum
724 1413 911 1463 Catonis
943 1415 1058 1463 filius
1085 1417 1258 1463 cecidit.
1320 1417 1495 1463 Eadem
1517 1415 1618 1463 Lu-

292 1478 461 1527 cunum
502 1478 902 1541 Hortensiumque,
951 1482 1403 1531 eminentissimorum
1451 1482 1618 1529 civium

292 1542 425 1599 filios,
454 1542 635 1591 fortuna
670 1546 864 1591 abstulit.
932 1544 1055 1591 Nam
1090 1544 1251 1600 Varro,
1287 1546 1344 1591 ad
1380 1546 1618 1593 ludibrium

288 1610 535 1661 moriturus
558 1609 760 1664 Antonii,
785 1610 922 1671 digna
944 1610 1020 1656 illo
1041 1625 1093 1656 sc
1126 1624 1232 1657 vera
1272 1609 1328 1657 de
1365 1612 1490 1657 exitu
1522 1610 1618 1672 ejus

292 1672 461 1735 magna
482 1689 583 1720 cum
605 1674 807 1721 libertate
828 1676 1052 1721 ominatus
1083 1682 1166 1721 est.
1231 1673 1414 1721 Drusus
1439 1674 1617 1728 Livius,

288 1736 324 1789 J
327 1738 429 1785 uliae
450 1738 677 1801 Augustae
710 1748 849 1801 pater,
878 1748 926 1787 et
949 1738 1098 1786 Varus
1127 1739 1386 1795 Quintilius,
1423 1754 1482 1788 ne
1515 1746 1618 1786 ten-

292 1799 389 1848 tata
402 1804 581 1863 quidem
598 1804 739 1851 hostis
754 1803 1069 1858 misericordia,
1093 1803 1205 1851 alter
1223 1820 1271 1851 se
1293 1804 1388 1865 ipse
1407 1804 1453 1849 in
1471 1805 1620 1851 taber·

292 1866 454 1914 naculo
478 1868 733 1926 interemit;
769 1867 919 1915 Varus
942 1876 1091 1915 autem
1113 1869 1272 1923 liberti,
1299 1884 1433 1930 quem
1467 1869 1514 1914 id
1545 1866 1619 1915 fa-

293 1946 396 1989 eere
417 1932 644 1994 co'e'gerat,
668 1949 816 1988 manu,
834 1949 936 1979 cum
955 1949 1004 1981 se
1025 1930 1274 1995 insignibus
1293 1936 1514 1981 honorum
1539 1949 1621 1981 ve-

289 1994 440 2051 lasset,
453 1996 691 2059 jugulatus
712 2005 795 2045 est.

356 2059 575 2107 LXXII.
609 2060 751 2108 Hunc
782 2064 953 2109 exitum
985 2062 1056 2109 M.
1081 2062 1214 2112 Bruti
1239 2064 1444 2126 partium,
1481 2062 1623 2124 septi-

289 2140 415 2177 mum
438 2133 485 2173 et
504 2127 777 2174 tricesimum
794 2143 962 2174 annum
979 2130 1166 2189 agentis,
1193 2128 1394 2175 Fortuna
1411 2143 1511 2175 esse
1533 2143 1620 2173 vo-

290 2189 409 2247 luit;
442 2191 699 2253 incorrupto
730 2192 879 2239 animo
902 2194 998 2254 ejus
1020 2194 1066 2238 in
1089 2194 1220 2247 diem,
1243 2208 1345 2253 quae
1365 2191 1431 2238 illi
1459 2207 1620 2239 omnes

288 2255 482 2305 virtutes
504 2256 635 2302 unius
657 2257 907 2303 temeritate
928 2257 1034 2304 facti
1062 2257 1257 2304 abstulit.
1322 2256 1430 2304 Fuit
1464 2265 1619 2309 autem

292 2318 387 2365 dux
426 2316 611 2367 Cassius
648 2322 817 2377 melior,
856 2329 1026 2382 quanto
1069 2323 1138 2367 vir
1167 2320 1364 2369 Brutus:
1402 2336 1431 2367 e
1455 2321 1621 2381 quibus

291 2380 486 2435 Brutum
510 2386 703 2431 amicum
725 2386 885 2432 habere
905 2386 1076 2441 malleS,
1109 2386 1338 2432 inimicum
1371 2386 1518 2447 magis
1553 2385 1619 2431 ti-

290 2463 439 2495 meres
463 2447 689 2497 Cassium.
751 2448 809 2494 In
832 2450 972 2509 altero
995 2452 1136 2513 major
1156 2452 1238 2505 vis,
1263 2451 1309 2496 in
1343 2449 1484 2496 altero
1519 2450 1619 2508 vir-2

288 2518 380 2575 tus.
444 2512 537 2567 Qui
558 2514 597 2560 si
618 2514 843 2569 vicissent,
868 2522 1084 2576 quantum
1115 2515 1368 2577 reipublicae
1394 2513 1610 2573 interfuit,

291 2574 519 2625 Caesarem
551 2579 703 2640 potius
723 2580 887 2626 habere
918 2596 1050 2641 quam
1075 2579 1328 2629 Antonium
1348 2580 1618 2642 principem„

285 2646 461 2703 tantum
500 2643 739 2701 retulisset,
776 2644 937 2697 habere
971 2644 1182 2703 Brutum,
1213 2661 1349 2710 quam
1387 2642 1623 2711 Cassium,
