1838 2922
457 139 521 206 L.
543 137 604 190 Δ.
627 137 836 200 FLORI
868 139 977 190 Lu.
998 139 1070 190 11.
1102 137 1223 218 Car.
1249 145 1325 191 17.
1494 145 1556 192 51

223 276 346 330 suas,
377 274 616 332 postquam
652 269 774 319 victa
808 277 892 326 est,
930 271 1165 323 intellexit.
1228 270 1287 320 In
1309 273 1397 320 -hac
1418 287 1559 338 prope

223 335 448 386 ducentos
467 349 548 397 per
567 349 710 387 annos
731 335 988 384 dimicatum
1010 343 1093 392 est,
1116 352 1143 384 a
1162 337 1319 402 primis
1336 337 1559 400 Scipioni,-

222 399 312 459 βω
337 401 391 463 in
415 397 644 463 Caesarem
667 401 945 462 Augustum,
980 416 1073 448 non
1105 399 1331 458 continue,
1364 417 1449 450 nec
1480 418 1559 450 co·

223 463 466 526 haerenter,
510 465 593 514 sed
629 472 762 528 prout
793 480 943 512 causae
973 465 1289 514 lacessierant:
1340 482 1423 514 nec
1456 481 1559 516 cum

229 527 454 592 Hispanis
485 529 626 586 initio,
663 530 742 576 sed
775 545 876 576 cum
901 529 1061 578 Poenis
1088 532 1136 578 in
1160 529 1415 594 Hispania:
1452 531 1560 598 inde

223 593 445 656 ,contagio
477 603 524 642 et
553 595 694 642 series
727 609 963 655 causaeque
993 595 1226 642 bellorum.
1294 596 1447 644 Prima
1476 612 1559 662 per

229 656 508 718 Pyrenaeum
531 659 696 722 jugum
721 660 853 722 signa
875 659 1087 707 Romana
1108 659 1295 708 Publius
1317 669 1363 708 et
1387 659 1559 710 Cnaeus

223 721 466 785 Scipiones
485 723 736 770 intulerunt
751 743 764 770 z
801 723 1059 788 proeliisque
1078 725 1337 788 ingentibus
1360 725 1561 774 Hanno·-

225 802 348 843 nem,
385 793 432 834 et
465 785 795 834 Hasdrubalem
829 788 1013 836 fratrem
1054 789 1339 844 Hannibalis,
1383 790 1557 838 cecide-

223 859 366 901 runt:
407 860 618 914 raptaque
637 861 733 900 erat
751 853 925 916 impetu
949 853 1183 918 Hispania,
1209 857 1293 902 nisi
1324 852 1558 903 fortissimi

223 917 315 964 viri
337 916 386 964 in
405 915 502 982 ipsa
523 917 604 964 sua
625 917 814 965 victoria
833 920 1034 982 oppressi
1057 917 1232 968 Punica
1254 919 1411 966 fraude
1438 915 1557 971 ceci}

181 1023 188 1032 .
227 981 412 1038 dissent,
433 980 556 1029 terra
575 985 777 1044 marique
793 983 1001 1030 victores.
1057 981 1221 1048 Igitur,
1243 985 1370 1044 quasi
1392 999 1557 1038 novam

227 1046 540 1108 integramque
560 1049 851 1108 provinciam,
878 1049 997 1099 ultor
1018 1048 1155 1111 patris
1178 1057 1225 1096 et
1246 1049 1389 1113 patrui
1410 1049 1561 1114 Scipio

227 1110 320 1166 ille,
342 1126 453 1158 mox
473 1111 728 1166 Africanus,
751 1113 937 1160 invasit:
965 1115 1104 1175 isque,
1128 1115 1279 1162 statim
1302 1111 1431 1176 capta
1444 1111 1560 1162 Car-

227 1175 430 1238 thagiue,
467 1184 514 1223 et
547 1177 646 1224 aliis
677 1178 868 1234 urbibus,
901 1193 994 1225 non
1016 1186 1257 1228 contentus
1286 1177 1455 1226 Poenos
1476 1193 1559 1228 ex·-

227 1239 412 1302 pulisse,
437 1242 764 1303 stipendiariam
787 1244 914 1291 nobis
930 1244 1206 1305 provinciam
1220 1243 1349 1290 fecit:
1378 1259 1561 1293 omnem

230 1305 345 1353 citra
373 1305 577 1366 ultraque
613 1305 792 1354 Iberum
827 1309 1015 1370 subjecit
1050 1303 1263 1370 imperio:
1302 1309 1562 1370 primusque

229 1367 545 1428 Romanorum
567 1371 732 1418 ducum
755 1372 899 1419 victor
932 1373 987 1419 ad
1022 1373 1177 1420 Gades
1208 1380 1255 1422 et
1278 1371 1448 1420 Oceani
1482 1388 1563 1436 ora

225 1435 450 1499 pervenit·
517 1442 547 1466 “
572 1435 685 1483 Plus
706 1445 776 1485 est
796 1437 1074 1499 provinciam
1096 1439 1301 1495 retinere,
1324 1453 1459 1500 quam
1490 1437 1560 1485 fa-

231 1498 386 1547 cere.”
452 1498 614 1561 Itaque
645 1516 727 1563 per
755 1510 904 1563 partes
928 1504 1025 1565 jam
1057 1502 1145 1551 huc
1172 1505 1271 1566 Jam
1304 1504 1409 1549 illuc
1433 1503 1561 1569 missi
1610 1501 1620 1515 ‘

233 1564 386 1623 duces,
421 1566 499 1628 qui
535 1564 848 1621 ferocissimas,
893 1574 941 1612 et
983 1567 1037 1615 ad
1076 1568 1123 1615 id
1154 1569 1369 1629 temporis
1399 1567 1562 1621 liberas

226 1636 410 1693 gentes,
461 1631 564 1679 ideo
599 1630 882 1693 impatientes
915 1632 1035 1693 Jugi,
1083 1632 1226 1679 multo
1273 1632 1437 1686 labore,
1474 1647 1561 1681 nec

229 1695 479 1743 incruentis
492 1696 819 1751 certaminibus,
843 1697 1012 1743 servire
1034 1697 1297 1743 docuerunt.
1347 1694 1465 1746 Cato
1486 1697 1565 1747 ille

227 1756 484 1809 ⁴Censorius
503 1758 766 1817 Celtiberos,
788 1762 836 1808 id
857 1768 941 1815 est,
966 1762 1100 1807 robur
1117 1760 1368 1824 Hispaniae,
1392 1762 1563 1823 aliquot

225 1825 405 1889 proeliis
439 1824 592 1888 fregit.
657 1826 906 1880 Gracchus,
952 1834 1079 1888 pater
1122 1826 1197 1873 ille
1233 1827 1557 1882 Gracchorum,

231 1890 416 1937 eosdem
449 1898 631 1938 centum
669 1898 715 1937 et
746 1891 1069 1954 quinquaginta
1108 1893 1283 1939 urbium
1326 1893 1562 1939 eversione

233 1954 459 2003 multavit.
523 1954 742 2003 Metellus
762 1956 852 2010 ille,
881 1958 954 2003 cui
988 1972 1047 2003 ex
1075 1953 1349 2003 Macedonia
1385 1972 1559 2020 cogno-

234 2034 358 2075 men,
395 2020 640 2085 (meruerat
671 2028 720 2067 et
752 2018 1049 2069 Celtibericus
1082 2020 1203 2083 fieri)
1235 2037 1339 2068 cum
1364 2020 1563 2070 Contre-

232 2084 354 2131 biam
377 2086 654 2133 memorabili
685 2086 875 2147 cepisset
905 2100 1037 2133 exem
1086 2103 1127 2141 ο,
1166 2095 1213 2132 et
1247 2086 1559 2147 Nertobriges,

232 2150 396 2212 majori
437 2148 584 2213 glorii‘i
623 2150 837 2211 pepercit.
899 2150 1048 2197 Lucul
1067 2166 1119 2197 us
1155 2149 1384 2198 Turdulos
1426 2158 1562 2211 atque

237 2212 489 2262 Vaccaeos:
528 2214 585 2261 de
609 2215 768 2275 quibus
797 2215 950 2277 Scipio
982 2216 1058 2263 ille
1088 2216 1321 2277 posterior,
1346 2215 1562 2281 singulari

234 2281 492 2335 certamine,
515 2294 618 2326 cum
643 2280 748 2342 [rex
765 2278 926 2328 fuisset
940 2279 1244 2345 provocatus‚]
1268 2281 1423 2343 opima
1434 2287 1559 2327 retu-

231 2342 364 2391 lerat-
435 2343 660 2391 Decimus
697 2343 870 2392 Brutus
913 2346 1139 2407 aliquanto
1182 2346 1315 2393 latius
1360 2344 1562 2393 Celticos

235 2406 584 2470 Lusitanosque,
609 2417 656 2455 et
677 2412 824 2457 omnis
847 2411 1083 2459 Gallaeciae
1114 2410 1316 2472 populos,
1347 2410 1561 2467 formidaq

231 2480 424 2535 tumque
455 2474 670 2521 militibus
701 2473 871 2523 flumen
907 2475 1190 2523 oblivionis:
1236 2481 1563 2537 peragratoque

234 2538 382 2587 victor
404 2539 576 2589 Oceani
597 2539 742 2596 litore,
765 2556 856 2589 non
873 2540 997 2603 prius
1019 2540 1149 2601 signa
1168 2541 1405 2594 convertit,
1429 2555 1565 2601 quam

237 2603 472 2653 cadentem
491 2605 541 2653 in
563 2606 706 2654 maria
732 2606 893 2663 solem,
928 2606 1225 2665 <brutumque
1246 2605 1371 2665 aquis
1390 2606 1565 2666 ignem,
1642 2648 1648 2656 .

231 2682 330 2717 non
351 2670 450 2719 sine
471 2670 668 2733 quodam
689 2670 914 2733 sacri-legii
951 2677 1078 2720 metu
1109 2677 1158 2718 et
1189 2671 1375 2723 horrore
1404 2670 1564 2733 depre-
