1838 2922
276 171 343 216 ες
500 165 559 214 12
583 167 645 217 A..
667 163 875 216 ηοω
906 164 1016 213 Lm.
1037 161 1133 214 111.
1167 133 1388 218 cisia.

784 417 938 468 CAP.
968 375 1129 466 XIX..

743 549 938 597 Beuum
971 549 1155 597 Ser-vile.

349 675 645 732 Urcuueun.
667 675 751 724 etsi
779 693 883 724 cum
914 679 1066 733 sociis,
1100 675 1251 740 (nefas
1269 674 1307 737 !)
1341 689 1446 724 cum
1467 675 1622 726 tiberis

281 749 434 790 tamen
452 749 498 789 et
512 742 734 804 ingenuis,
757 742 1016 794 dimicatum
1046 748 1143 788 est:
1181 741 1282 802 quis
1303 755 1435 802 oequo
1465 742 1620 790 animo

279 806 397 854 ferat
430 807 477 852 in
510 807 711 869 principe
743 808 950 868 gentium
982 806 1146 869 populo
1183 806 1301 852 bella
1342 820 1578 852 servorum
1593 805 1619 852 't'

282 870 489 920 Primum
519 871 679 920 servile
698 871 865 918 bellum
886 873 1005 918 inter
1026 872 1153 918 initia
1184 869 1338 925 Urbis,
1375 868 1620 924 Herdonio

276 935 448 984 Sabino
470 936 595 991 duce,
620 938 665 982 in
686 935 784 997 ipsz‘i
806 936 934 983 Urbe
956 943 1176 982 tentatum
1197 942 1291 1003 ερὲς
1327 949 1444 990 cum,
1479 949 1617 984 occu-

281 998 387 1062 pata
417 1001 663 1048 tribuniciis
694 1002 986 1058 seditionibus
1021 1001 1214 1056 civitate,
1239 997 1515 1061 Capitolium
1536 1001 1618 1047 ob-

282 1080 456 1112 sessum
492 1073 575 1120 est,
614 1074 661 1112 et
680 1080 707 1112 a
727 1065 912 1111 consule
941 1074 1147 1126 captumt
1186 1063 1266 1112 sed
1296 1065 1369 1111 hic
1399 1064 1624 1112 tumultus

280 1130 427 1191 magis
448 1129 546 1184 fuit,
567 1145 701 1190 quam
721 1129 901 1176 bellum.
966 1129 1098 1185 Mox,
1131 1128 1320 1190 imperio
1346 1144 1426 1191 per
1447 1129 1626 1176 diversa

283 1205 503 1242 terrarum
536 1200 765 1256 occupato,
802 1195 902 1254 quis
925 1195 1126 1242 crederet
1144 1194 1340 1242 Siciliam
1356 1193 1503 1240 multo
1520 1209 1624 1240 cru-

284 1259 432 1306 entius
448 1259 597 1306 servili
613 1273 745 1319 quam
759 1257 934 1306 Punico
949 1259 1066 1305 bello
1079 1275 1178 1306 esse
1193 1265 1412 1308 vastatam
1422 1257 1444 1302 1³
1479 1256 1628 1310 Terra

281 1321 466 1384 frugum
488 1323 628 1378 ferax,
660 1330 706 1369 et
732 1323 1063 1384 quodammodo
1101 1324 1349 1370 suburbana
1378 1323 1626 1384 provincia,

283 1387 529 1435 latifundiis
566 1389 732 1435 civium
773 1387 1087 1436 Romanorum
1126 1389 1371 1438 tenebatur.
1439 1385 1536 1434 Hic
1569 1387 1628 1434 ad

282 1452 455 1501 cultum
471 1454 570 1516 agri
591 1453 839 1516 frequentia
860 1454 1098 1517 ergastula,
1113 1453 1396 1513 catenatique
1411 1452 1624 1508 cultores,

285 1520 517 1567 materiam
548 1520 669 1566 bello
705 1517 950 1582 praebuere.
1027 1520 1170 1579 Syrus
1205 1518 1394 1579 quidam,
1440 1518 1628 1565 nomine

284 1582 451 1637 Eunus
484 1586 770 1647 (magnitudo
803 1584 996 1633 cladium
1015 1584 1135 1639 facit,
1169 1593 1221 1630 ut
1252 1580 1630 1642 meminerimus),

282 1647 478 1697 fanatico
486 1648 637 1696 furore
652 1651 875 1705 simulato,
892 1650 1000 1696 dum
1020 1649 1164 1709 Syriae
1173 1647 1294 1695 Deae
1308 1662 1460 1694 comas
1467 1649 1630 1709 jactat,

286 1714 345 1761 ad
380 1714 631 1761 libertatem
668 1723 716 1763 et
749 1730 874 1761 arma
904 1728 1077 1768 servos,
1113 1714 1238 1773 quasi
1276 1712 1513 1763 numinum
1541 1712 1631 1757 im-

289 1779 429 1841 perio,
453 1780 698 1826 concitavit
710 1797 726 1837 ;
760 1780 895 1839 idque
916 1786 967 1825 ut
984 1779 1198 1825 divinitus
1218 1776 1316 1825 fieri
1333 1777 1554 1838 probaret,
1578 1777 1630 1825 in

291 1858 371 1891 ore
415 1841 563 1889 abdita
606 1859 735 1898 nuce,
774 1858 907 1903 quam
948 1842 1117 1890 sulfure
1152 1848 1198 1889 et
1231 1841 1338 1903 igne
1371 1842 1632 1902 stipaverat,

288 1908 451 1954 leniter
465 1908 699 1969 inspirans,
713 1908 940 1955 flammam
963 1909 1080 1954 inter
1103 1908 1239 1955 verba
1259 1906 1483 1953 fundebat.
1517 1904 1631 1953 Hoc

290 1972 557 2019 miraculum
589 1973 783 2034 primum
819 1974 908 2020 duo
939 1973 1077 2019 millia
1106 1988 1165 2018 ex
1193 1972 1350 2026 obviis,
1385 1985 1494 2017 mox
1524 1972 1634 2033 jure

287 2036 393 2084 belli
418 2036 621 2084 refractis
650 2039 902 2100 ergastulis,
939 2038 1176 2099 sexaginta
1205 2037 1396 2097 amplius
1433 2035 1629 2083 millium

288 2101 399 2149 fecit
434 2103 711 2160 exercitum3
748 2104 972 2165 regiisque
1007 2104 1088 2164 (ne
1125 2103 1232 2163 quid
1264 2101 1393 2150 malis
1427 2098 1628 2159 deesset)

292 2167 529 2214 decoratus
548 2168 812 2230 insignibus,
852 2168 1048 2223 castella,
1082 2167 1255 2229 oppida,
1279 2167 1420 2220 vicos,
1442 2166 1634 2213 misera-

291 2232 369 2277 bili
390 2232 637 2295 direptione
653 2234 860 2281 vastavit.
930 2232 1054 2286 Quin
1077 2232 1186 2279 illud
1215 2246 1392 2291 quoque
1421 2230 1635 2277 ultimum

290 2296 395 2345 belli
418 2298 623 2354 dedecus,
648 2306 777 2360 capta
813 2304 919 2345 sunt
956 2304 1102 2343 castra
1133 2306 1404 2358 praetorum3
1440 2310 1525 2341 nec
1548 2304 1640 2341 no-

294 2361 465 2407 minare
494 2362 617 2423 ipsos
638 2362 848 2426 pudebit3
884 2369 1032 2407 castra
1053 2360 1246 2414 Manilii,
1269 2359 1468 2413 Lentuli,
1495 2358 1635 2405 Piso-

294 2425 380 2477 nis,
406 2424 615 2487 Hypsaei.
680 2426 841 2487 Itaque
861 2428 937 2485 qui
959 2441 1038 2487 per
1055 2424 1340 2487 fugitivarios
1362 2424 1528 2469 retrahi
1550 2423 1635 2469 de-

293 2488 507 2543 buissent,
530 2492 765 2551 praetorios
784 2492 921 2536 duces
941 2490 1157 2552 profugos
1177 2489 1335 2550 proelio
1363 2488 1444 2549 ipsi
1468 2501 1635 2548 seque-

292 2550 468 2597 bantur.
530 2552 749 2609 Tandem,
788 2552 1017 2615 Perperm‘i
1046 2555 1325 2614 imperatore,
1363 2551 1635 2613 supplicium

296 2614 351 2663 de
372 2615 437 2661 eis
460 2624 658 2665 sumtum
678 2626 763 2665 est.
820 2618 915 2664 Hic
936 2618 1056 2665 enim
1073 2619 1230 2673 victos,
1247 2624 1295 2663 et
1315 2616 1433 2679 apud
1447 2614 1638 2663 Ennam
