1838 2922
284 175 378 222 106
445 171 502 223 c.
519 169 998 222 muraneum
1031 169 1229 239 Lan.
1259 171 1377 224 cn.
1402 175 1519 224 129.

281 312 392 358 tum,
425 299 629 353 materno
656 315 766 352 vero
789 318 957 367 genere
986 303 1250 350 clarissimas
1278 309 1543 366 veteresque
1562 310 1610 351 et·

280 369 484 430 insignes
530 369 772 417 honoribus
808 369 1094 430 complexum
1132 367 1335 422 familias,
1369 370 1611 418 habentem·

283 434 540 480 consulares
575 433 747 486 fratres,
789 433 1093 488 consobrinos,
1134 434 1419 488 avunculum,
1460 435 1603 498 ipsum

282 512 393 544 vero
422 497 584 544 laboris
606 513 659 544 ae
685 496 788 544 fidei
810 498 1163 559 capaci-ssimum,
1194 499 1441 544 sufficiente
1472 498 1605 545 etiam

280 562 430 625 vigori
453 563 589 608 animi
611 577 828 624 compage
853 564 1065 624 corporis,
1090 562 1361 624 singularem
1383 562 1606 624 principa·

281 626 393 673 lium
411 641 598 673 onerum
611 628 856 688 adjutorem
881 627 928 672 in
950 628 1101 674 omnia
1124 629 1273 673 habuit
1287 633 1420 687 atque
1443 627 1599 675 habet:

282 691 428 738 virum
465 693 714 738 severitatis
746 691 1004 746 laetissimae,
1038 691 1267 738 hilaritatis
1296 691 1467 754 priscae,
1500 697 1604 736 actu

283 756 440 803 otiosis
463 756 751 810 simillimum,
785 757 895 802 nihil
922 757 1003 803 sibi
1032 757 1348 811 vindicantem,
1369 769 1512 816 eoque
1533 768 1606 799 as-

283 828 542 881 sequentem
567 823 729 873 omnia.
754 836 1017 882 semperque
1032 820 1148 867 infra
1169 820 1353 866 aliorum
1374 819 1607 866 aestimati-

283 897 395 931 ones
418 899 467 931 se
487 886 762 940 metientem,
787 886 913 932 vultu
932 883 1113 945 vitaqae
1133 883 1433 945 tranquillum,
1455 883 1608 930 animo

284 963 562 996 exsomnem.

346 1011 645 1062 CXXVIII.
680 1014 736 1062 In
775 1017 908 1079 huJus
937 1017 1154 1062 virtutum
1188 1014 1486 1062 aestimatione
1510 1013 1621 1076 jan·-

279 1077 450 1140 pridem
465 1079 637 1140 judicia
651 1081 844 1126 civitatis
867 1095 969 1124 cum
983 1081 1167 1139 judiciis
1189 1079 1400 1140 principis
1422 1085 1611 1124 certant.

278 1135 446 1204 Neque
462 1157 608 1191 novus
630 1145 702 1189 hic
725 1159 824 1188 mos
841 1141 1023 1187 senatus
1044 1142 1285 1202 populique
1302 1142 1498 1188 Romani
1522 1151 1609 1196 est,

277 1207 478 1270 putandi,
501 1208 622 1267 quod
644 1207 861 1267 optimum
885 1205 957 1258 sit,
980 1218 1080 1250 esse
1102 1206 1428 1252 nobilissimum
1448 1224 1459 1253 2
1498 1221 1600 1252 nam

279 1277 330 1317 et
350 1270 414 1316 illi
437 1272 619 1331 antiqui,
644 1277 748 1316 ante
801 1270 964 1314 timum
985 1269 1156 1315 bellum
1181 1267 1422 1326 Punicum,
1444 1269 1605 1318 abhinc

277 1349 422 1381 annos
458 1332 606 1389 CCC,
641 1333 716 1384 Ti.
748 1285 1097 1388 geruncanium,
1143 1335 1371 1381 hominem
1416 1349 1608 1389 novum,

279 1413 390 1446 cum-
407 1400 504 1448 aliis
527 1401 732 1447 omnibus
754 1399 1010 1453 honoribus,
1048 1409 1145 1445 tum
1178 1398 1437 1463 pontificatu
1468 1400 1614 1446 etiam.

277 1466 491 1522 maximo,
514 1468 570 1513 ad
591 1466 834 1529 principale
855 1461 1058 1511 extulere
1080 1464 1340 1526 fastigium3
1374 1473 1421 1511 et
1444 1478 1607 1524 eques-

277 1532 336 1578 tri
357 1530 460 1579 loco
489 1539 642 1579 natum
669 1530 746 1592 Sp.
771 1529 1038 1583 Carvilium,
1071 1536 1117 1575 et
1138 1544 1245 1575 mox
1269 1528 1341 1574 M.
1363 1527 1603 1583 Catonem,

277 1608 450 1643 novum
467 1595 599 1643 etiam
622 1594 824 1642 Tusculo
843 1593 984 1641 Urbis
996 1594 1278 1655 inquilinum,
1303 1592 1605 1639 Mummium·

278 1674 368 1721 que
390 1660 655 1714 Achaicum,
679 1660 726 1706 in
749 1659 1021 1714 consulatus,
1047 1673 1274 1713 censuras,
1288 1664 1335 1703 et
1352 1657 1604 1718 triumphos

277 1724 543 1788 provexere.
610 1724 692 1780 Et,·
706 1725 781 1785 qui
802 1722 860 1772 C.
876 1723 1091 1779 Marium,
1114 1723 1285 1785 ignotae
1301 1721 1501 1783 originis,
1526 1736 1607 1768 us-

178 1783 185 1790 ’
280 1804 370 1850 que
397 1788 454 1836 ad
485 1798 662 1837 sextum
687 1788 969 1835 consulatum
993 1789 1089 1835 sine
1113 1786 1384 1833 dubitatione
1407 1784 1608 1835 Romani

279 1855 476 1901 nominis
510 1852 704 1901 habuere
737 1854 1014 1915 principem;
1049 1860 1094 1898 et
1122 1852 1198 1912 qui
1231 1850 1303 1899 Μ.
1326 1848 1481 1897 Tullio
1503 1856 1607 1898 tan-

280 1926 378 1966 tum
410 1917 615 1973 tribuere,
649 1925 699 1965 ut
728 1934 858 1979 paene
879 1917 1181 1964 assentatione
1201 1912 1294 1969 sua,
1324 1915 1484 1975 quibua
1506 1916 1605 1962 vel-

278 1984 358 2037 let,
381 1984 650 2045 principatus
673 1984 958 2039 conciliaret3
994 1982 1156 2042 quique
1177 1978 1287 2027 nihil
1306 1978 1469 2027 Asinio
1493 1978 1627 2027 1³01--

277 2048 389 2095 lieni
413 2040 706 2109 ne‘gaverunt,
741 2048 861 2107 quod
889 2046 1175 2093 nobilissimis
1197 2058 1373 2091 summo
1398 2058 1501 2091 cum
1526 2056 1604 2091 su-

280 2113 390 2159 dore
423 2112 784 2173 consequendum
817 2111 963 2168 foret;
998 2110 1200 2172 profecto
1231 2109 1317 2154 hoc
1353 2116 1611 2165 senserunt,

279 2177 696 2288 {2¹:⁸3⁰{223533332
711 2173 1608 2298 ²⁰³ffll³22¹223¹1¹3⁸5z132ff¹3²312¹23

281 2305 338 2353 ad
359 2306 677 2367 experiendum
698 2306 928 2367 Sejanum,
954 2302 1209 2359 Caesarem3
1234 2301 1289 2347 ad
1304 2303 1507 2365 juvanda
1526 2316 1609 2347 ve-

278 2386 332 2417 ro
354 2386 490 2417 onera
510 2371 736 2433 principis,
763 2371 974 2432 Seianum
990 2368 1174 2429 protulit
1191 2383 1206 2423 ς
1242 2372 1537 2429 senatumque
1557 2372 1607 2411 et

278 2434 494 2497 populum
527 2434 788 2481 Romanum
818 2450 874 2479 eo
901 2432 1123 2495 perduxit,
1150 2438 1201 2477 ut
1228 2432 1348 2493 quod
1380 2444 1463 2477 usu
1489 2430 1613 2491 opti-

277 2514 406 2546 mum
425 2500 651 2561 intelligit,
673 2499 720 2545 id
740 2500 788 2545 in
812 2498 999 2544 tutelam
1028 2496 1279 2543 securitatis
1301 2510 1397 2543 suae
1415 2492 1615 2561 libenter

279 2563 490 2612 advocet.

345 2624 590 2675 CXXIX.
625 2626 730 2683 Sed,
750 2625 980 2689 proposita
998 2626 1125 2687 quasi
1148 2620 1361 2672 universa
1382 2623 1609 2687 principa-

277 2690 358 2738 tus
383 2690 461 2738 Ti.
483 2690 682 2739 Caesaris
708 2690 868 2744 forma,
898 2691 1078 2753 singula
1106 2702 1435 2737 recenseamus.
1500 2688 1614 2743 Qua

278 2754 358 2809 me
382 2754 620 2819 prudentia
639 2754 976 2821 Rhascupolim,
1006 2756 1342 2801 interemtorem
1363 2750 1517 2801 fratris
1540 2756 1627 2813 sui,
