1838 2922
383 161 394 171 ’
475 155 542 205 L.
560 156 621 207 A.
643 154 852 206 FLORI
882 156 991 208 Ln.
1013 156 1083 209 11.
1112 156 1237 210 Car.
1260 159 1341 210 12'.
1500 163 1571 214 4⁵

756 413 905 465 CAP.
938 414 1061 464 XII.

463 545 654 594 Beuum
673 545 1033 594 Macedonicum
1054 546 1331 594 secundum.

225 711 234 718 .
303 672 434 722 Dux
456 674 558 722 aliae
577 675 765 736 aliaeque
785 681 947 737 gentes
970 674 1180 737 Syriatici
1193 675 1297 722 belli
1316 678 1565 736 sequuntur

237 739 426 794 nuttam,
453 739 726 787 Macedonis
755 755 804 786 se
837 755 992 787 rursus
1012 741 1184 787 erexit.
1248 739 1563 787 Fortissimum

235 803 452 866 populum
472 805 688 852 memoria
707 812 755 852 et
771 805 1017 852 recordatio
1040 820 1135 852 suae
1156 805 1399 851 nobilitatis
1417 803 1563 866 agita?

225 869 338 916 bat:
378 883 432 914 ac
453 877 730 916 successerat
747 868 955 932 Philippo
976 869 1093 917 filius
1110 868 1303 927 Perses;
1330 870 1405 930 qui
1422 867 1563 916 semel

235 932 285 978 in
307 939 568 994 perpetuum
590 935 754 980 victam
777 949 877 981 esse
904 935 1237 988 Macedoniam,
1266 949 1359 980 non
1380 933 1563 994 putabat

234 997 484 1108 fficgeeintis
521 998 756 1060 dignitate.
800 999 973 1111 ι,Μιιὶξο
1010 998 1326 1108 νεῑιειιιεῃιὶιιῖ
1356 998 1437 1044 sub
1459 997 1563 1073 'hoc

405 1076 464 1108 on
603 1077 704 1109 uam
748 1079 800 1111 su
946 1080 967 1109 r
1045 1077 1187 1109 consu
1244 1077 1305 1108 un
1339 1079 1351 1108 z
1430 1077 1473 1108 ιιι

233 1123 438 1172 Thi-acas
455 1077 644 1173 ἰῗνίἓεε
665 1142 768 1174 suas
789 1077 1045 1185 traxpgrmei’ss
1073 1076 1563 1188 atquggiminduztfiffi

223 1187 542 1237 «Macedonum
555 1191 724 1238 viribus
740 1190 981 1247 Thracum,
996 1191 1211 1238 ferociam
1227 1190 1453 1238 Thracum
1466 1191 1561 1238 dis-

223 1251 395 1315 ciplina
431 1254 752 1310 Macedonum,
796 1263 1175 1318 temperaverunt.
1248 1256 1458 1302 Accessit
1488 1255 1560 1302 his

225 1317 468 1366 consilium
490 1320 630 1374 ducis,
655 1321 730 1381 qui
755 1322 888 1368 situm
911 1322 1149 1383 regionum
1172 1335 1350 1367 suarum
1380 1335 1559 1368 summo

231 1383 484 1439 speculatus
523 1382 710 1439 Haemo,
747 1386 906 1447 positis
950 1401 1029 1447 per
1064 1386 1248 1446 abrupta
1284 1385 1457 1439 castris,
1494 1385 1560 1432 ita

229 1446 552 1497 Macedoniam
574 1464 701 1496 suam
723 1450 858 1497 annis
877 1449 1087 1512 ferroque
1108 1449 1367 1508 vallaverat,
1390 1457 1441 1497 ut
1462 1464 1555 1497 non

229 1513 464 1574 reliquisse
483 1514 667 1569 aditum,
693 1515 780 1561 nisi
801 1530 830 1561 a
849 1516 969 1561 coelo
996 1516 1197 1562 venturis
1234 1515 1447 1569 hostibus,
1482 1515 1557 1563 vi·

224 1577 440 1625 deretur:
477 1594 598 1633 nam,
631 1578 810 1626 Marcio
837 1578 1047 1641 Philippo
1081 1579 1279 1633 consule,
1314 1594 1415 1637 eum
1446 1593 1557 1641 pro-

225 1642 421 1691 vinciam
442 1644 674 1705 ingressus
694 1644 884 1706 populus
911 1643 1161 1698 Romanus,
1184 1643 1425 1704 exploratis
1450 1642 1557 1689 dili·

223 1714 388 1769 genter
409 1710 675 1766 accessibus,
698 1723 778 1770 per
797 1708 1047 1757 Astrudem
1069 1707 1289 1771 paludem,
1306 1723 1387 1769 per
1404 1704 1554 1771 [acer-

225 1772 309 1820 bos
331 1772 596 1836 dubiosque]
622 1774 830 1829 tumulos,
853 1774 942 1829 ina,
966 1788 1069 1835 quae
1090 1772 1343 1820 volucribus
1374 1787 1557 1835 quoque

221 1838 488 1884 videbantur
522 1838 658 1893 invia,
695 1838 916 1894 accessit3
966 1852 1209 1899 regemque
1250 1852 1470 1892 securum,
1488 1844 1556 1885 et

224 1901 338 1949 nihil
362 1902 451 1948 tale
470 1909 758 1957 metuentem,
793 1901 937 1949 subita
966 1902 1070 1949 belli
1103 1902 1346 1963 irruptione
1377 1902 1553 1950 terruit.

225 1964 372 2028 Cujus
395 1973 518 2012 tanta
539 1966 772 2027 trepidatio
800 1966 900 2022 fuit,
935 1974 985 2014 ut
1016 1968 1251 2029 pecuniam
1284 1982 1465 2014 omnem
1501 1968 1551 2014 in

221 2045 350 2078 mare
372 2031 562 2093 jusserit
589 2032 750 2093 mergi,
787 2047 846 2078 ne
877 2032 1070 2094 periret;
1120 2032 1307 2079 classem
1344 2032 1549 2087 cremari,

219 2095 630 2151 ite'incenderetur.
697 2095 840 2143 Paulo
861 2098 1061 2152 consule,
1084 2112 1187 2143 cum
1204 2098 1373 2159 majora
1386 2102 1435 2143 et
1448 2110 1549 2143 cre-

220 2160 303 2208 bra
323 2168 476 2207 essent
497 2160 706 2221 imposita
725 2162 942 2222 praesidia,
977 2177 1056 2223 per
1076 2162 1184 2208 alias
1206 2163 1303 2207 vias
1326 2160 1549 2207 Macedo-

219 2226 296 2272 nia
333 2224 552 2286 deprensa
587 2233 670 2279 est,
715 2224 889 2272 summit
917 2226 1096 2287 quidem
1132 2233 1229 2272 arte
1256 2228 1305 2272 et
1331 2222 1551 2273 industria

217 2289 361 2345 ducis,
383 2305 502 2343 cum,
524 2288 611 2335 alia
631 2291 838 2344 minatus,
863 2290 952 2337 ali&
972 2291 1235 2352 irrepsisset.
1300 2287 1443 2352 CuJus
1464 2290 1545 2336 ad-

215 2361 384 2402 ventus
405 2354 502 2417 ipse
522 2355 634 2401 adeo
657 2355 862 2401 terribilis
885 2357 982 2417 regi
1000 2354 1104 2411 fuit,
1128 2362 1179 2401 ut
1203 2355 1423 2401 interesse
1450 2368 1547 2401 non

215 2420 416 2473 auderet,
441 2420 521 2468 sed
536 2418 736 2480 gerenda·
749 2419 933 2466 ducibus
954 2420 1071 2466 bella
1086 2418 1375 2465 mandaverit.
1419 2418 1544 2465 Abs-

217 2499 301 2531 ens
337 2498 450 2545 ergo
479 2484 626 2530 victus
655 2482 776 2545 fugit
806 2484 853 2529 in
886 2484 1040 2538 maria,
1078 2483 1356 2544 insulamque
1380 2482 1546 2531 Samo·
1572 2535 1577 2541 ,

215 2550 416 2603 thr-acen,
437 2547 580 2595 fretus
601 2547 761 2595 celebri
783 2548 1011 2610 religione,
1036 2548 1159 2609 quasi
1180 2547 1347 2609 temple
1373 2554 1419 2595 et
1450 2562 1543 2596 ατε

214 2620 402 2675 possent
423 2612 677 2670 defendere,
707 2628 840 2674 quem
873 2628 959 2661 nec
990 2619 1169 2659 montes
1201 2613 1269 2659 sui
1300 2626 1385 2659 nec
1417 2626 1542 2659 annu

211 2678 482 2746 potuissent·
544 2676 698 2728 Nemo
735 2692 895 2743 regum
933 2676 1100 2729 diutius
1136 2677 1315 2730 amissae
1346 2675 1544 2727 fortuna
