1838 2922
394 113 535 166 (w.
556 111 952 163 PATERCULI
986 111 1092 160 Lm„
1114 110 1184 160 ιι.
1213 111 1338 166 cn.
1357 78 1438 164 ιι,
1521 117 1592 164 ⁵1

260 243 391 291 nium
428 244 709 292 confessione
736 243 928 303 -senatsss
959 243 1192 304 princeps3
1227 249 1274 288 et
1305 244 1510 290 restituta
1541 243 1588 292 in

267 309 493 363 aedilitate,
530 309 791 355 adversante
828 307 1008 368 quidem
1040 307 1282 360 nobil-itate,
1315 308 1593 354 monimenta

267 371 327 421 C·
342 373 507 430 Marii3
543 371 762 432 simulque
798 369 996 418 ievoesti
1029 371 1086 417 sd
1110 373 1190 431 jus
1221 368 1450 431 dignitatis
1478 386 1585 432 pro·
1589 403 1594 408 -

267 437 533 498 scriptorum
568 435 721 493 liberi3
760 444 805 483 ct
824 443 1032 498 praetura,
1071 443 1383 494 quaesturaque
1402 435 1591 482 mirabili
1685 457 1692 464 ·

265 501 433 548 virtute
454 507 587 562 atquc
612 499 831 547 industria
850 500 1002 546 obita
991 515 1038 546 ιιι
1061 497 1296 560 Hispania,
1321 501 1447 562 (cum
1469 506 1588 545 esset

264 573 466 625 quaestor
488 567 569 612 sub
590 565 759 612 Vetere
782 564 994 618 Antistio,
1014 579 1099 610 avo
1121 565 1251 624 hujus
1275 563 1456 610 Veteris
1475 577 1588 609 con

264 629 423 676 sularis
434 640 571 690 atque
590 629 841 691 pontificis,
848 629 1036 674 duorum
1052 629 1350 674 consularium
1372 639 1420 674 et
1441 642 1587 674 sacen

263 693 420 740 dotum
448 695 599 756 patris,
631 694 715 740 viri
752 694 799 739 in
833 701 1007 739 tantum
1041 693 1162 745 boni,
1194 693 1242 738 in
1264 699 1480 756 quantum
1501 692 1586 737 hu-

265 771 399 804 mana
420 757 677 819 simplicitas
698 757 892 818 intelligi
914 756 1114 818 potest);
1149 771 1238 849 quo
1270 758 1446 804 notiora
1467 765 1589 810 sunt,

266 822 417 867 minus
438 828 577 890 egent
592 822 893 868 stilo..

260 910 271 919 -
322 877 522 931 ’ΣΧΙᾸἿ
548 884 657 931 Hoc
688 885 829 946 igitur
870 885 1068 938 consule,
1111 887 1229 932 inter
1271 901 1373 932 eum
1416 892 1462 930 et
1500 881 1592 932 Cu.

254 949 531 1012 -Pom'peium
567 957 613 995 et
646 950 717 996 M.
734 947 950 997 Crassum
983 950 1096 996 inita
1130 950 1342 1011 potentiae
1385 949 1588 1002 societas,
1659 955 1665 962 “

264 1029 367 1075 quae
392 1013 509 1062 Urbi
530 1015 713 1074 orbique
732 1022 965 1069 terrarum,
1002 1029 1086 1060 nec
1107 1015 1256 1060 minus
1278 1013 1454 1060 diverso
1475 1027 1590 1072 quo-

262 1093 353 1140 que
372 1085 573 1140 tempore
592 1079 701 1140 ipsis
720 1079 960 1125 exitiabilis
979 1077 1078 1126 fuit.
1129 1077 1239 1126 Hoc
1259 1077 1493 1126 consilium
1517 1091 1588 1124 se-

252 1143 424 1204 quendi
457 1141 697 1204 Pompeius
728 1158 909 1190 causam
945 1144 1172 1198 habuerat,
1206 1150 1258 1192 ut
1287 1143 1466 1190 tandem
1489 1148 1588 1188 acts

246 1207 309 1254 ·in
343 1209 651 1254 transmarinis
694 1209 936 1269 provinciis
969 1210 1167 1270 (quibus,
1203 1214 1255 1254 ut
1285 1206 1587 1269 praediximus.

258 1271 389 1318 multi
404 1271 731 1332 obtrectabant)
744 1287 825 1333 per
842 1270 1070 1320 Caesarcm
1089 1271 1458 1319 confirmarentur.
1477 1285 1589 1316 con-⁴

262 1336 433 1390 sulem3
472 1334 629 1382 Caesar
664 1343 827 1390 autem,
864 1337 986 1395 quod
1017 1337 1406 1390 animaduertebat,
1439 1349 1488 1381 se
1510 1349 1586 1380 cc-

262 1399 409 1445 dendo
446 1397 645 1459 Pompeii
681 1399 839 1460 gloriae
868 1408 1103 1446 sucturum
1135 1415 1274 1452 suasu,
1313 1407 1374 1452 et,
1419 1396 1586 1446 invidia

262 1464 515 1510 communis
536 1464 749 1525 potentiae
770 1464 819 1509 in
840 1461 966 1509 illum
989 1461 1200 1526 relegata,
1221 1463 1584 1511 confirmaturum

260 1528 381 1575 vires
421 1542 551 1574 suas:
607 1525 811 1581 Crassus,
856 1534 919 1583 ut,
953 1542 1086 1587 quem
1128 1528 1422 1589 principatum
1465 1526 1586 1573 solus

260 1593 435 1653 assequi
457 1606 549 1637 non
570 1598 757 1653 poterat,
782 1592 1046 1639 auctoritate
1069 1591 1298 1653 Pompeii,
1331 1592 1498 1638 viribus
1506 1599 1586 1640 te-

260 1665 390 1703 neret
412 1655 619 1705 Caesaris.
665 1655 876 1701 Affinitas
896 1657 1030 1702 etiam
1052 1657 1170 1702 inter
1193 1654 1420 1704 Caesarem
1444 1654 1584 1701 Pom-

256 1723 499 1783 ,peiumque
518 1727 746 1767 contracta
769 1720 947 1780 nuptiis.
1012 1720 1192 1781 Quippe
1221 1719 1356 1766 filiam
1393 1718 1447 1767 C.
1474 1716 1579 1767 Cae-

260 1785 374 1831 saris
396 1784 485 1833 Cn.
504 1784 707 1846 Magnus
738 1784 849 1831 dixit
879 1800 1080 1831 uxorem
1145 1783 1206 1830 In
1238 1786 1324 1831 hoc
1351 1783 1584 1830 consulatu

264 1846 423 1896 Caesar
454 1850 599 1909 legem
634 1849 747 1902 tulit,
777 1856 828 1897 ut
864 1864 973 1911 ager
1009 1841 1282 1911 Campanus
1297 1849 1436 1925 plebei
1469 1846 1584 1893 divis·

263 1912 453 1967 deretur,
499 1925 681 1959 suasore
716 1913 831 1975 legis
876 1913 1109 1975 Pompeio.
1173 1912 1246 1965 Ita
1274 1914 1448 1961 circiter
1481 1911 1584 1957 XX

262 1975 403 2025 millia
435 1978 597 2023 civium
634 1994 689 2023 eo
724 1977 928 2032 deducta,
949 1985 997 2025 et
1007 1978 1087 2041 jus
1109 1978 1300 2025 civitatis
1330 1978 1584 2023 restitutum

258 2048 365 2103 post
384 2056 525 2088 annos
546 2042 721 2088 circiter
743 2040 885 2089 CLII
918 2056 1051 2103 quam
1072 2043 1188 2089 bello
1213 2042 1384 2089 Punico
1405 2042 1460 2087 ab
1481 2039 1582 2087 Ro·

252 2107 407 2151 manis
440 2104 537 2166 Cap
538 2121 596 2152 ua
630 2107 677 2151 in
712 2105 900 2153 formam
918 2058 1222 2167 qpraefecturae
1260 2106 1438 2151 redacta
1474 2111 1586 2151 crat·

262 2167 466 2223 Bibulus,
502 2169 675 2231 collega
708 2167 915 2224 Caesaris,
955 2186 1058 2217 cum
1089 2172 1286 2217 actiones
1320 2170 1416 2231 ejus
1437 2169 1584 2229 magis

258 2232 401 2279 vellet
421 2234 632 2295 impedire
652 2248 784 2295 quam
806 2242 970 2295 posset,
995 2236 1162 2296 mqjore
1188 2242 1313 2295 parte
1334 2233 1440 2279 anni
1461 2234 1586 2279 domi

260 2312 313 2343 se
332 2298 496 2343 tenuit:
536 2314 625 2358 quo
648 2298 781 2353 facto,
812 2300 922 2345 dum
941 2314 1106 2360 augere
1127 2298 1224 2345 vult
1255 2298 1466 2347 invidiam
1489 2296 1584 2345 col·-

258 2362 391 2424 legae,
428 2362 553 2408 suxit
593 2363 853 2424 potentiam.
927 2361 1047 2409 Tum
1091 2360 1264 2411 Caesari
1307 2362 1498 2409 decretae
1537 2361 1584 2407 in

257 2427 607 2487 quinquennium
634 2426 810 2473 Galliae.

247 2514 261 2529 ⁴
325 2489 484 2535 XLV.
524 2489 615 2537 Per
628 2490 747 2539 idem
768 2498 946 2553 tempus
965 2490 1018 2537 P.
1037 2490 1236 2546 Clodius,
1255 2492 1392 2537 homo
1408 2470 1584 2544 nobilis,

260 2554 468 2608 disertus,
498 2554 657 2611 audax,
700 2556 775 2616 qui
810 2570 954 2617 neque
991 2555 1166 2604 dicendi
1208 2570 1352 2616 neque
1387 2553 1579 2603 faciendi

255 2617 413 2675 ullum,
448 2618 533 2667 nisi
570 2634 705 2681 quem
741 2619 891 2677 vellet,
925 2617 1078 2669 inisset
1113 2619 1311 2685 modum,
1353 2618 1574 2669 malorum

1699 2660 1822 2869 A
