1838 2922
215 105 279 149 92
453 95 512 146 L.
534 96 596 146 A.
619 94 831 145 FLORI
864 94 972 142 Lm.
993 94 1083 142 1v.
1118 94 1238 144 Cn.
1263 99 1309 142 2.

219 228 401 277 sceleris
435 227 650 275 indicium
685 243 764 290 per
801 223 1018 276 Fulviam
1050 228 1248 279 emersit,
1284 227 1562 278 vilissimum

222 300 441 350 scortum,
475 294 555 340 sed
574 293 800 356 parricidii
821 292 1056 338 innocenS.
1118 289 1240 337 Tum
1262 293 1434 348 consul,
1474 295 1560 341 ha-

222 359 317 406 bito
350 365 521 413 senatu,
556 360 602 404 in
642 364 910 419 praesentem
949 372 1076 402 reum
1112 354 1273 403 Cicero
1296 361 1527 418 peroravit
1543 379 1556 406 ε

228 425 308 471 sed
330 439 422 470 non
446 425 635 485 amplius
652 421 915 483 profectum,
941 437 1074 482 quam
1099 427 1150 466 ut
1165 422 1308 468 hostis
1328 423 1562 479 evaderet,

226 504 365 551 seque
390 489 539 550 palam
566 487 767 550 professo
814 486 1114 532 “incendium
1145 501 1278 532 suum
1314 488 1565 552 restinctu-

228 569 329 600 rum
353 552 513 600 minii'’
550 553 811 599 minaretur.
874 551 942 598 Et
963 551 1038 598 ille
1059 551 1238 611 quidem
1253 551 1310 598 ad
1329 567 1572 614 praepara-

228 628 327 666 tum
364 633 391 664 a
428 616 607 664 Manlio
643 619 690 663 in
735 616 924 664 Etruria
961 617 1208 662 exercitum
1247 615 1562 677 proficiscitur,

229 684 363 746 signa
386 682 597 730 illaturus
633 682 765 729 Urbi.
796 681 1039 738 Lentulus,
1073 681 1342 729 destinatum
1375 682 1570 732 familiae

231 747 337 795 suae'
360 745 591 807 Sibyllinis
620 749 823 793 versibus
858 761 1050 808 regnum
1087 747 1168 792 sibi
1203 746 1468 801 vaticinans,
1506 751 1571 796 ad

230 813 533 874 praestitutum
561 828 587 858 a
610 809 810 860 Catilina
838 812 956 857 diem
983 810 1110 856 Urbe
1140 808 1236 856 totz‘i
1255 812 1392 866 viros,
1422 813 1566 870 faces,

231 879 335 932 tela,
374 877 585 938 disponit.
648 876 752 923 Nec
786 876 905 922 civili
943 876 1274 936 conspiratione
1302 883 1566 934 contentus,

228 942 393 1004 legatis
413 943 728 1004 Allobrogum,
764 941 839 1002 qui
872 949 970 986 tum
999 940 1118 987 forte
1138 940 1333 996 aderant,
1367 943 1416 988 in
1437 958 1570 992 arma

232 1007 496 1062 sollicitatis,
552 1009 677 1053 iisset
720 1007 838 1052 ultra
882 1006 1026 1068 Alpes
1071 1004 1209 1059 furor,
1266 1006 1365 1060 nisi,
1423 1008 1570 1056 altera

230 1072 483 1135 proditione
538 1071 778 1124 Vultnrcii,
832 1071 1040 1132 praetoris
1092 1070 1238 1116 literae
1287 1079 1568 1122 tenerentur.

156 1189 165 1198 .
234 1136 397 1184 Statim
422 1134 657 1184 Ciceronis
680 1135 866 1196 imperio
890 1135 1058 1196 injecta
1080 1143 1150 1181 est
1168 1136 1362 1182 barbaris
1385 1153 1568 1186 manus.

234 1200 393 1248 Palam
428 1209 595 1261 praetor
617 1201 663 1246 in
696 1206 853 1246 senatu
876 1201 1172 1246 convincitur.
1241 1200 1320 1247 De
1343 1204 1570 1264 supplicio

234 1265 484 1327 agentibus,
542 1264 701 1314 Caesar
742 1265 1016 1326 parcendum
1055 1266 1276 1327 dignitati.
1313 1266 1430 1314 Cato
1467 1271 1570 1315 ani-

236 1330 607 1376 madvertendum
630 1346 711 1392 pro
739 1330 921 1384 scelere,
948 1331 1189 1376 censebat:
1215 1346 1348 1391 quam
1381 1341 1569 1380 senten-

234 1395 342 1442 tiam
366 1396 531 1442 secutis
554 1397 773 1449 omnibus,
806 1396 855 1442 in
888 1411 1065 1442 carcere
1095 1397 1330 1456 parricidae
1351 1404 1572 1463 strangu-

234 1461 395 1507 lantur.
465 1460 687 1517 Quamvis
727 1469 853 1525 parte
892 1461 1212 1523 conjurationis
1245 1463 1472 1523 oppressit,
1497 1475 1570 1513 ta-

232 1542 339 1573 men
369 1528 425 1573 ab
445 1528 625 1589 incepto
651 1526 846 1575 Catilina
868 1542 962 1573 non
979 1527 1173 1573 destitit:
1214 1527 1292 1573 sed
1314 1528 1492 1576 infestis
1515 1534 1574 1579 ab

233 1590 422 1639 Etruriii
438 1593 581 1654 signis
600 1595 789 1653 patriam
803 1599 976 1653 petens,
1000 1591 1133 1638 obvio
1158 1592 1350 1638 Antonii
1364 1598 1572 1645 exercitu

232 1658 510 1720 opprimitur.
578 1657 731 1711 Quam
769 1658 979 1704 atrociter
1013 1656 1270 1703 dimicatum
1310 1658 1380 1712 sit,
1422 1662 1576 1709 exitus

232 1722 412 1768 docuit:
453 1738 587 1769 nemo
610 1724 805 1769 hostium
828 1722 946 1767 bello
969 1720 1202 1783 superfuit.
1283 1720 1438 1776 Quem
1469 1729 1574 1786 quis

232 1787 281 1835 in
319 1788 567 1848 pugnando
602 1795 782 1849 ceperat
814 1787 984 1843 locum,
1029 1801 1151 1843 eum,
1195 1784 1360 1833 amissa
1401 1791 1568 1845 animai,

232 1866 421 1912 corpore
442 1853 636 1913 tegebat.
703 1851 899 1900 Catilina
918 1852 1058 1913 longe
1075 1867 1102 1897 a
1123 1852 1216 1899 suis
1232 1853 1348 1899 inter
1370 1854 1573 1911 hostium

233 1916 453 1963 cadavera
488 1924 691 1977 repertus
728 1925 821 1977 est3
876 1915 1175 1978 pulcherrima
1211 1930 1368 1974 morte,
1415 1920 1453 1971 si
1487 1937 1572 1983 pro

230 1979 373 2041 patriai
388 1981 453 2028 sic
474 1983 757 2030 concidisset.

776 2152 931 2231 ‘CAR
965 2176 1034 2226 11.

512 2307 705 2355 Bellum
742 2309 942 2357 Caesaris
973 2318 1019 2357 et
1053 2312 1284 2373 Pompeii.

296 2432 408 2481 ,ΠΜ
428 2452 561 2497 paene
588 2443 687 2485 toto
709 2439 815 2485 orbe
836 2446 1007 2500 pacato,
1043 2443 1188 2503 majus
1209 2450 1306 2491 erat
1325 2445 1566 2509 imperium

231 2496 507 2555 Romanum,
540 2516 677 2561 quam
713 2510 765 2550 ut
800 2504 905 2550 ullis
935 2507 1135 2555 externis
1167 2507 1336 2557 viribus
1368 2516 1566 2575 opprimi

226 2570 392 2624 posset.
460 2563 621 2627 Itaque
656 2567 867 2619 invidens
898 2568 1103 2620 Fortuna
1133 2572 1324 2638 principi
1351 2581 1566 2639 gentium
