1838 2922
281 115 347 166 50
506 114 565 166 L.
588 115 650 162 A.
671 112 879 164 FLORI
912 113 1021 162 Lm.
1040 113 1141 164 111.
1172 114 1294 166 Car.
1315 119 1392 162 18.

272 252 359 294 tur.
426 242 559 292 Prior
596 243 768 307 Caepio,
804 246 853 291 in
888 250 1096 292 senatum
1133 246 1302 307 impetu
1337 245 1474 302 facto,
1509 263 1618 298 reos

272 309 465 358 ambitus
488 310 705 357 Scaurum
730 317 777 356 et
808 308 1085 371 Philippum,
1106 311 1328 371 principes
1349 312 1616 370 nobilitatis,

270 375 424 436 elegit.
489 373 583 422 His
604 375 797 422 motibus
820 380 869 420 ut
891 375 1120 422 resisteret
1136 374 1333 429 Drusus,
1358 375 1532 437 plebem
1551 380 1614 426 ad

274 454 327 486 se
349 439 627 486 Gracchanis
654 439 843 500 legibus,
880 439 1047 485 eisdem
1083 440 1228 486 socios
1249 440 1304 487 ad
1326 439 1500 498 plebem
1533 459 1620 505 spe

273 504 467 552 civitatis
512 505 667 551 erexit.
734 502 900 551 Exstat
933 519 1026 550 vox
1057 505 1211 566 ipsius,
1247 509 1276 532 ⁴⁴
1298 503 1428 550 Nihil
1463 521 1515 552 se
1552 509 1618 555 ad

272 569 557 630 largitionem
592 569 671 615 ulli
703 568 946 629 reliquisse,
980 569 1066 615 nisi
1103 569 1140 616 si
1173 569 1274 629 quis
1313 575 1392 616 aut
1427 585 1617 620 coenum

272 633 470 680 dividere
497 633 650 690 vellet,
685 640 763 680 aut
801 631 1018 680 coelum.”
1085 633 1257 680 Aderat
1297 635 1618 698 promulgandi

270 698 381 752 dies,
404 713 507 744 cum
529 699 677 745 subito
699 705 825 746 tants
843 697 914 745 vis
927 698 1158 745 hominum
1176 698 1371 759 undique
1389 702 1614 762 apparuit,

272 769 327 810 ut
347 765 544 810 hostium
565 764 760 812 adventu
782 764 964 811 obsessa
985 763 1142 810 civitas
1157 764 1397 811 videretur.
1449 765 1614 814 Ausus

274 835 429 874 tamen
452 830 671 890 obrogare
710 826 813 892 [de]
848 828 1024 890 legibus
1045 828 1204 876 consul
1225 826 1488 890 Philippum
1527 831 1615 878 sed

272 894 599 954 apprehensum
619 894 822 941 faucibus
853 894 1000 940 viator
1021 908 1113 940 non
1145 900 1250 940 ante
1271 893 1450 948 dimisit,
1473 909 1614 956 quam

273 958 1614 1086 ἴξῗεὲιῗῇιιῗεὲὲςῖιῗΙέἑεἓωιοὸῑᾱτῖἓῗὶᾞειζςεῗὶΐηὶξῗωζὲ

274 1088 383 1132 socii
441 1087 676 1150 flagitare3
732 1103 835 1134 cum
889 1088 1070 1134 interim
1118 1089 1344 1150 ‘imparem
1399 1087 1613 1137 Drusum

275 1165 537 1212 aegrumque
568 1167 714 1199 rerum
753 1159 924 1199 temere
959 1161 1200 1210 motarum,
1237 1161 1424 1208 matura,
1471 1161 1524 1200 ut
1559 1155 1612 1200 in

271 1215 347 1261 tali
372 1216 641 1270 discrimine,
665 1232 787 1262 mors
809 1217 1017 1264 abstulit:
1051 1233 1134 1264 nec
1153 1218 1256 1262 ideo
1279 1214 1472 1282 [minus]
1499 1220 1615 1265 socii

270 1281 490 1390 {romissa
528 1280 672 1327 Drusi
702 1296 730 1328 a
766 1281 933 1344 populo
971 1280 1182 1339 Romano
1215 1297 1447 1344 reposcere
1469 1284 1611 1332 armis

300 1345 511 1392 esierunt.

742 1540 888 1590 CAP.
924 1539 1122 1587 XVIII.

722 1672 915 1720 Bellum
949 1671 1142 1718 Sociale.

330 1802 538 1855 Socmz
558 1799 725 1846 bellum
745 1806 932 1846 vocetur
963 1799 1083 1853 licet,
1117 1806 1169 1845 ut
1200 1806 1497 1847 extenuemus
1533 1801 1609 1848 in-

264 1866 430 1911 vidium
448 1882 459 1911 z
500 1865 537 1911 si
559 1878 717 1911 verum
734 1870 885 1911 tamen
906 1864 1135 1920 volumus,
1151 1864 1262 1911 illud
1281 1864 1416 1913 civile
1435 1864 1608 1913 bellum

260 1930 377 1977 fuit:
415 1930 579 1990 quippe
600 1942 702 1975 cum
736 1929 926 1991 populus
946 1927 1183 1976 Romanus
1211 1928 1448 1985 Etruscos,
1471 1929 1608 1983 Lati*

264 2010 366 2051 nos,
392 1993 671 2054 Sabinosque
684 1994 924 2047 miscuerit,
955 2001 1000 2040 et
1021 2007 1159 2039 unum
1191 2008 1250 2041 ex
1270 1994 1477 2041 omnibus
1499 2010 1607 2042 ssu-

261 2058 616 2121 guinemducat,
639 2074 801 2120 corpus
821 2057 929 2105 fecit
950 2074 1008 2105 ex
1032 2059 1257 2113 membris,
1293 2064 1340 2105 et
1367 2073 1428 2105 ex
1449 2060 1604 2107 omni-

176 2173 180 2178 ,
262 2126 345 2171 bus
378 2139 495 2171 unus
532 2130 630 2183 est;
666 2138 751 2171 nec
786 2123 961 2173 minore
997 2122 1170 2186 flagitio
1205 2124 1314 2171 socii
1342 2124 1462 2171 intra
1498 2120 1600 2172 Its-

260 2190 383 2243 liam,
414 2204 548 2251 quam
570 2189 691 2235 intra
713 2186 897 2241 Urbem
906 2189 1043 2245 cives,
1067 2188 1351 2237 rebellabant.
1418 2186 1596 2250 Itaque,

264 2269 371 2301 cum
395 2256 474 2317 Jus
496 2254 703 2309 civitatis,
726 2269 861 2315 quam
883 2254 1051 2301 viribus
1089 2260 1321 2309 auxerant,
1355 2255 1470 2301 socii
1495 2254 1604 2315 jus·

264 2319 439 2366 tissime
473 2320 769 2380 postularent,
790 2319 847 2365 ad
866 2334 1000 2379 quam
1023 2333 1148 2381 spem
1181 2334 1261 2366 eos
1287 2319 1496 2381 cupidine
1518 2319 1604 2366 do-

259 2384 523 2431 minationis
545 2383 731 2431 Drusus
751 2390 988 2442 erexerat3
1021 2391 1257 2445 postquam
1289 2384 1366 2431 ille
1387 2383 1608 2431 domesti-

262 2462 319 2493 co
342 2448 511 2494 scelere
532 2464 771 2511 oppressus
790 2455 874 2503 est,
908 2449 1064 2495 eadem
1099 2448 1190 2503 fax,
1217 2464 1322 2509 quae
1352 2448 1478 2495 illum
1503 2463 1606 2496 cre-

256 2511 417 2565 mavit,
440 2514 588 2560 socios
609 2514 655 2560 in
678 2529 804 2562 arms
813 2520 859 2561 et
880 2514 1264 2575 oppugnationem
1280 2512 1420 2561 Urbis
1440 2528 1608 2565 accen-

256 2575 340 2621 dit.
414 2574 538 2630 Quid
581 2579 667 2625 hac
701 2578 827 2625 clade
862 2579 1037 2625 tristius
1050 2578 1074 2623 ἰ’
1119 2578 1227 2639 quid
1263 2577 1608 2637 calamitosius?

257 2654 363 2701 cum
385 2654 521 2693 omne
552 2639 751 2701 Latium,
787 2649 924 2705 atque
961 2640 1194 2699 Picenum,
1217 2640 1406 2692 Etruria
1435 2643 1610 2701 omnis,
