1838 2922
264 136 326 181 10
444 132 502 185 C.
515 132 577 182 V.
595 130 998 184 PATERCULI
1030 132 1137 181 Lrs.
1154 132 1197 186 I.
1230 126 1351 183 Cu.
1370 136 1417 181 9.

261 271 348 325 qut.
367 264 474 311 anni
497 272 604 312 sunt
622 264 718 313 fere
733 264 800 311 D.
852 264 962 328 Ego
985 266 1117 329 (pace
1136 263 1383 326 diligentiae
1408 260 1603 330 Catonis

265 327 478 390 dixerim)
501 331 580 377 vix
601 330 877 383 crediderim,
913 338 1005 377 tam
1042 338 1217 377 mature
1248 336 1419 375 tantam
1443 328 1599 375 urbem

266 394 478 448 crevisse,
501 394 720 447 floruisse,
745 395 1007 449 concidisse,
1030 395 1343 441 resurrexisse.

271 504 276 509 .
329 457 477 505 V111.
510 458 818 508 Clarissimum
841 460 1003 506 deinde
1033 460 1235 505 omnium
1255 458 1477 505 ludicrum
1500 472 1601 504 cer-

211 579 215 583 *
263 532 431 577 tamen,
453 532 498 572 et
521 526 576 571 ad
597 524 878 571 excitandam
899 524 1100 587 corporis
1132 524 1359 583 animique
1387 524 1603 569 virtutem

263 590 638 646 efficacissimum,
663 586 993 652 Olympiorum,
1024 589 1202 651 initium
1236 589 1403 642 habuit,
1440 595 1602 635 aucto-

265 670 362 703 tem
407 651 606 716 Iphitum
650 652 822 701 Elium.
895 654 945 701 Is
988 670 1065 701 eos
1098 654 1227 700 ludos
1264 660 1613 713 mercatumque

265 719 465 767 instituit
481 727 586 766 ante
606 734 763 775 annos,
787 734 921 779 quam
953 726 1015 774 tu,
1042 719 1113 765 M.
1124 717 1290 772 Vinici,
1316 716 1605 765 consulatum

263 784 414 839 inires,
451 782 730 832 DCCCIV.
799 783 908 831 Hoc
937 799 1115 831 sacrum
1144 783 1302 831 eodem
1334 782 1435 829 loco
1471 782 1605 839 insti-3

264 850 406 896 tuisse
440 848 583 897 fertur
613 850 774 895 abhinc
807 865 951 897 annos
986 848 1129 896 ferme
1180 845 1376 896 MCCL
1416 847 1615 903 Atreus..

263 930 368 961 cum
393 912 551 977 Pelopi
571 914 686 977 patri
716 913 927 961 funebres
958 914 1089 961 ludos
1122 912 1303 959 faceret.
1369 911 1479 966 Quo
1500 912 1609 973 quiq

263 980 366 1027 dem
387 980 434 1025 in
450 980 636 1035 ludicro,
667 981 902 1040 omnisque
923 979 1103 1041 generis
1134 977 1445 1031 certaminum,
1472 974 1611 1033 Heu,

261 1044 386 1092 cules
407 1045 553 1091 victor
573 1044 758 1091 exstitit.
811 1042 935 1090 Tum
954 1044 1145 1091 Athenis
1165 1043 1365 1105 perpetui
1389 1042 1604 1090 Archon-

261 1118 334 1157 tes
369 1124 470 1156 esse
505 1109 746 1163 desierunt,
779 1124 882 1157 cum
914 1108 1075 1155 fuisset
1106 1109 1291 1156 ultimus
1325 1106 1569 1163 Alcmaeon
1584 1102 1617 1154 ε’

261 1180 496 1237 coeperunt
527 1188 584 1220 ue
603 1174 651 1220 in
673 1174 814 1219 denos
834 1188 978 1221 annos
999 1174 1169 1231 creari;
1204 1188 1307 1233 quae
1322 1170 1605 1229 consuetudo

261 1240 310 1286 in
341 1252 484 1285 annos
553 1236 657 1283 XX
678 1238 868 1285 mansit:
909 1254 963 1285 ac
984 1238 1146 1285 deinde
1166 1238 1326 1285 annuis
1357 1236 1605 1284 commissa

259 1310 332 1355 est
353 1303 684 1365 magistratibus
705 1303 965 1365 respublica.
1030 1302 1108 1351 Ex
1127 1303 1197 1356 iis,
1224 1303 1300 1363 qui
1322 1301 1451 1350 denis
1472 1302 1606 1349 annis

259 1366 550 1432 praefuerunt,
580 1368 748 1429 primus
777 1368 864 1414 suit
898 1366 1117 1430 Charops,
1152 1368 1337 1415 ultimus
1369 1365 1601 1427 Eryxias;

265 1448 324 1482 ex
361 1433 535 1490 annuis,
569 1433 740 1496 primus
773 1431 941 1482 Creon.
1008 1431 1148 1482 Sextii
1180 1430 1465 1496 Olympiade,
1499 1437 1605 1494 post

266 1501 381 1546 duos
399 1506 449 1546 et
470 1500 632 1562 viginti
671 1515 813 1546 annos
851 1515 986 1562 quam
1008 1501 1153 1562 prima
1173 1499 1417 1556 constituta
1434 1496 1609 1554 fuerat,

263 1563 506 1630 Roumlus,
547 1564 714 1612 Martis
745 1564 876 1620 filius,
915 1566 1037 1612 ultus
1071 1565 1254 1626 injurias
1280 1563 1367 1618 avi,
1403 1561 1603 1609 Romam

263 1631 420 1677 urbem
444 1629 666 1676 Parilibus
689 1631 736 1676 in
770 1629 945 1678 Palatio
978 1630 1203 1685 condidit3
1239 1644 1264 1674 a
1286 1643 1377 1688 quo
1399 1633 1607 1688 tempore

264 1695 321 1742 ad
343 1711 426 1742 vos
451 1692 582 1742 Coss.
601 1695 705 1741 anni
735 1703 842 1740 sunt
863 1691 1309 1743 DCCLXXXIII.
1373 1686 1431 1738 Id
1451 1699 1605 1739 actum

264 1766 370 1820 post
391 1757 576 1820 Trojam
599 1769 774 1820 captam
797 1760 928 1805 annis
946 1755 1318 1807 CDXXXVII.
1382 1755 1439 1802 Id
1461 1757 1609 1818 gessit

262 1823 502 1883 Romulus,
525 1825 702 1885 adjutus
716 1824 969 1885 legionibus
984 1823 1162 1870 Latinis
1179 1824 1251 1869 avi
1270 1823 1353 1869 sui.
1387 1820 1608 1868 Libenter

265 1891 387 1935 enim
409 1889 492 1940 his,
517 1890 594 1948 qui
615 1889 678 1934 ita
697 1889 1001 1949 prodiderunt,
1018 1888 1313 1944 accesserim3
1348 1901 1452 1933 cum
1474 1885 1607 1933 aliter
1644 1929 1654 1937 ,

262 1953 442 2016 firmare
462 1953 616 2010 urbem
639 1968 820 2005 novam,
854 1961 947 2000 tam
980 1953 1139 2000 vicinis
1168 1951 1448 2006 Veientibus,
1483 1951 1609 1998 aliis-

263 2033 352 2079 que
395 2017 603 2064 Etruscis
641 2032 693 2063 ae
739 2017 926 2072 Sabinis,
964 2033 1067 2064 cum
1111 2017 1277 2064 imbelli
1311 2023 1359 2064 et
1390 2016 1608 2076 pastorali

261 2098 400 2130 manu
422 2083 500 2129 vix
514 2083 711 2144 potuerit
719 2099 734 2137 ;
771 2097 1043 2143 quamquam
1066 2097 1179 2136 eam,
1200 2081 1325 2142 asylo
1344 2080 1465 2128 facto
1488 2081 1610 2130 inter

263 2149 376 2196 duos
398 2148 536 2203 lucos,
561 2148 699 2194 auxit.
766 2146 862 2193 Hic
883 2155 1065 2194 centum
1088 2147 1293 2193 homines
1314 2146 1497 2198 electos,
1520 2161 1610 2207 ap·-

261 2213 541 2274 pellatosque
593 2211 769 2268 Patres,
813 2212 955 2258 instar
1000 2211 1154 2258 habuit
1192 2210 1369 2258 consilii
1417 2209 1611 2270 publici..

264 2275 404 2324 Hanc
425 2278 644 2338 originem
669 2291 834 2322 nomen
857 2275 1157 2324 Patriciorum
1184 2277 1329 2323 habet.
1396 2270 1606 2337 [Raptus

259 2342 488 2406 virginum
513 2341 774 2388 Sabinarum
822 2343 848 2370 ¹*
942 2344 969 2370 ⁶
1053 2343 1080 2370 ⁴¹
1168 2343 1195 2372 ὓ
1274 2341 1300 2369 *
1372 2340 1399 2367 ⁴¹
1471 2340 1497 2368 ⁸*
1571 2343 1599 2370 ¹¹³

266 2409 294 2436 U
366 2409 392 2436 ἢ
465 2409 491 2437 ff
563 2409 590 2437 O
623 2405 628 2412 '
661 2408 687 2436 4
758 2408 786 2435 U
857 2407 884 2436 ὓ
965 2407 991 2434 {¹
1063 2405 1129 2470 *1

337 2469 431 2517 IX.
464 2473 491 2502 '⁶
512 2473 539 2500 ⁸¹²
559 2473 585 2500 ⁸
612 2487 746 2533 quam
783 2471 995 2517 timuerat
1032 2471 1188 2526 hostis,
1222 2467 1408 2532 expetit.
1474 2465 1605 2522 Nam

261 2536 442 2582 biennio
465 2536 576 2582 adeo
598 2535 720 2582 varia
733 2533 916 2582 fortuni
931 2551 1034 2582 cum
1052 2535 1307 2583 consulibus
1318 2531 1603 2594 conflixerat,

263 2607 314 2646 ut
348 2600 608 2662 plerumque
651 2601 854 2662 superior
895 2599 1027 2655 foret,
1084 2613 1386 2664 magnamque
1423 2607 1607 2660 partem.

261 2664 457 2714 Graeeiae
479 2665 526 2711 in
543 2666 802 2714 societatem
823 2679 951 2714 suam
972 2666 1249 2730 perduceret.
1316 2663 1443 2720 Quin
1465 2661 1601 2712 Rho-
