1838 2922
307 120 373 171 u
533 116 592 167 L.
615 116 674 165 A.
697 110 906 164 FLORI
940 111 1047 160 Lu·
1064 107 1163 159 111.
1199 109 1321 160 Cn.
1339 112 1416 158 11.

307 248 467 311 capite,
504 246 692 294 multata
733 252 816 292 est.
893 242 962 289 Et
998 242 1203 287 tribunus
1237 240 1377 302 plebis
1420 238 1645 289 Metellus

309 319 548 361 exeuntem
581 312 740 357 ducem
779 307 1014 354 hostilibus
1034 305 1141 351 diris
1162 304 1428 351 devoverat:
1467 312 1515 351 et
1536 320 1643 353 curn

307 376 512 439 Zeugma
532 376 766 423 transisset
797 371 1036 426 exercitus,
1072 376 1197 430 rapta
1217 368 1372 414 subitis
1394 369 1525 430 signa
1546 374 1647 417 tur-

308 444 482 489 binibus
505 441 650 487 hausit
671 437 951 498 Euphratesx
990 442 1035 480 et
1057 448 1159 479 cum
1182 434 1299 495 apud
1322 432 1647 495 Nicephorium

309 514 457 554 castra
477 506 712 567 posuisset,
741 501 866 547 missi
889 500 943 546 ab
966 498 1120 546 Orode
1151 512 1259 558 rege
1294 498 1432 559 legati
1471 498 1647 546 denun-

309 570 491 628 tiavere,
527 576 556 599 ‘⁴
575 580 887 631 percussorum
917 579 1020 611 cum
1043 562 1261 623 Pompeio
1281 561 1503 609 soederum
1538 562 1645 610 Sul-

312 636 445 701 laque
475 628 798 679 meminisset.”
881 628 1048 690 Regiis
1084 628 1261 673 inhians
1297 627 1373 673 ille
1409 627 1645 684 thesauris,

313 700 437 754 nihil,
461 712 520 744 ne
539 696 800 759 imaginario
820 694 1000 755 quidem
1030 693 1147 755 jure,
1189 691 1270 737 sed
1304 698 1335 721 “
1353 691 1573 739 Seleuciae
1597 708 1648 739 se

309 776 626 825 responsurum
649 758 798 814 esse,'’
830 758 1073 821 respondit.
1128 756 1290 817 Itaque
1311 754 1393 802 Dii
1418 753 1642 803 foederum

311 830 481 875 ultores
511 841 595 873 nec
633 824 804 871 insidiis
840 838 925 869 nec
968 822 1127 869 virtuti
1162 820 1357 867 bostium
1390 819 1643 868 desuetunt.

309 892 416 941 Jam
436 892 643 954 primum,
673 891 750 951 qui
785 889 906 936 solus
944 894 991 934 et
1027 887 1274 933 subvehere
1294 890 1571 933 commeatus
1593 892 1643 933 et

310 958 484 1004 munire
519 962 694 1021 poterat
735 967 763 1000 a
795 960 939 1013 tergo,
993 951 1175 998 relictus
1211 949 1494 1011 Euphrates:
1547 957 1646 997 tum

309 1022 516 1069 simulato
551 1018 796 1079 transfugae
829 1017 1005 1063 cuidam
1044 1015 1251 1062 Mazarae
1283 1015 1401 1075 Syro
1433 1014 1644 1073 creditur,

311 1086 416 1132 dum
439 1086 486 1131 in
510 1084 700 1130 mediam
722 1095 981 1141 camporum
1013 1081 1281 1133 vastitatem,
1325 1080 1481 1126 eodem
1518 1080 1646 1135 duce,

307 1151 468 1197 ductus
489 1149 724 1200 exercitus,
741 1156 792 1192 ut
807 1145 1003 1207 undique
1016 1145 1136 1191 hosti
1150 1152 1460 1206 exponeretur.
1483 1141 1647 1207 Itaque

304 1215 490 1261 vixdum
521 1216 705 1259 venerat
726 1208 906 1266 Carras,
942 1224 1045 1256 cum
1068 1208 1264 1269 undique
1281 1208 1483 1270 praefecti
1504 1209 1645 1271 regis,

309 1278 494 1325 Sillaces
515 1284 562 1323 et
593 1276 802 1331 Surenas,
836 1272 1073 1321 ostendere
1104 1273 1237 1335 signa
1256 1288 1366 1319 auro
1396 1274 1643 1334 s'erioisque

306 1342 486 1389 vexillis
513 1341 744 1387 vibrantia.
809 1338 933 1386 Tum
956 1340 1053 1386 sine
1074 1336 1201 1385 mora
1231 1338 1487 1385 circumfusi
1510 1338 1643 1385 undi-

309 1422 396 1468 que
417 1406 651 1469 equitatus,
684 1406 732 1451 in
753 1405 938 1451 modum
960 1403 1189 1467 grandinis
1212 1410 1346 1463 atque
1368 1404 1639 1458 nimborum,

307 1474 446 1520 densa
478 1471 640 1535 pariter
671 1471 762 1519 tela
794 1470 1019 1517 fuderunt.
1095 1467 1171 1516 Sic
1213 1467 1449 1516 miserabili
1488 1475 1643 1532 strage

305 1537 478 1590 deletus
505 1537 746 1584 exercitus.
821 1534 929 1598 Ipse
963 1536 1012 1581 in
1046 1533 1317 1595 colloquium
1358 1533 1641 1589 sollicitatus.

306 1604 439 1666 signo
477 1603 595 1656 dato,
629 1603 763 1649 vivus
777 1593 840 1648 ‘in
873 1601 1069 1647 hostium
1091 1612 1249 1645 manus
1270 1597 1513 1652 incidisset,
1534 1598 1640 1654 nisi,

305 1668 492 1714 tribunis
521 1667 852 1719 reluctantibus,
892 1665 1047 1726 fugam
1069 1662 1195 1708 ducis
1216 1661 1385 1708 barbari
1414 1661 1533 1709 ferro
1556 1678 1639 1709 oc-
1734 1709 1747 1721 „

303 1730 556 1841 pupfisssstfi
618 1731 697 1840 sig
715 1741 891 1806 quoque
912 1729 1101 1803 relatum
1133 1734 1267 1838 eapizt
1302 1726 1640 1838 luffipfi⁰·hff⁸fi

305 1803 408 1906 ιέἰῖ·
451 1809 678 1921 0433
700 1805 1229 1917 ωῆἕζῗέἕῑῖἔὲιῖἓῗέ
1252 1805 1535 1909 ἶὲἔωῖἕοῗ
1548 1807 1642 1917 «ἶιῖἓ

307 1938 530 1984 quemque
545 1923 688 1984 rapuit
699 1921 820 1984 fuga,
833 1923 882 1968 in
899 1921 1177 1976 Armeniam,
1192 1918 1411 1975 Ciliciam,
1436 1920 1641 1982 Syriam-

306 2002 396 2048 que
417 1987 653 2039 distractae,
673 1987 751 2032 vix
772 1987 980 2032 nuntium
1001 1986 1139 2033 cladis
1160 1985 1420 2032 retulerunt.
1487 1982 1642 2047 Caput

304 2053 400 2112 ejus
429 2052 630 2105 recisum,
655 2064 758 2097 cum
781 2048 964 2096 dextera
994 2050 1130 2096 man'u
1160 2050 1216 2096 ad
1247 2063 1402 2111 regem
1424 2049 1634 2110 deporta-

227 2151 236 2160 .
304 2122 415 2169 tum,
439 2115 629 2163 ludibrio
652 2112 751 2169 fuit,
785 2130 868 2161 nec
897 2114 1113 2176 indigno:
1156 2128 1313 2160 aurum
1345 2113 1465 2160 enim
1500 2113 1638 2173 liqui·

300 2179 406 2226 dum
437 2180 486 2225 in
519 2181 677 2226 rictum
713 2180 804 2226 oris
823 2174 1037 2238 ‘infusum
1072 2185 1166 2236 est;
1200 2185 1264 2233 ut,
1297 2180 1424 2241 cujus
1457 2179 1637 2225 animus

298 2250 465 2304 arserat
496 2244 591 2290 auri
619 2244 871 2306 cupiditate,
912 2245 1010 2306 ejus
1038 2244 1175 2292 etiam
1204 2250 1431 2291 mortuum
1462 2250 1511 2291 et
1529 2257 1628 2313 ⁴ex·

298 2319 469 2371 tangue
491 2323 651 2372 corpus
667 2323 776 2356 auro
799 2317 1019 2358 ureretur.
