1838 2922
280 161 348 209 σε
507 155 567 207 L.
585 156 650 228 gi.
672 153 882 206 nom
913 153 1022 204 Lu.
1044 151 1114 204 11.
1154 151 1276 206 cn.
1296 157 1376 205 ιε.

275 285 448 335 hendit.
511 285 602 335 Sed
629 292 726 334 tota
753 285 1047 336 certaminum
1076 285 1219 333 moles
1246 299 1351 332 cum
1374 281 1606 334 Lusitanis

277 351 379 407 fuit,
423 357 472 399 et
508 350 825 398 Numantinist
875 365 962 397 nec
999 351 1249 397 immerito=
1297 350 1459 412 quippe
1494 351 1605 400 solis

280 415 485 480 gentium
523 415 762 478 Hispaniae
799 415 936 464 duces
980 415 1279 476 contigerunt.
1342 411 1523 462 Fuisset
1558 421 1610 462 et

279 495 385 527 cum
417 480 623 528 omnibus
651 478 900 535 Celtiberis,
931 479 1017 525 nisi
1038 479 1129 526 dux
1150 479 1267 528 illius
1294 478 1447 526 motsss
1476 479 1607 528 initio

279 545 384 593 belli
413 559 648 608 oppressus
671 551 802 598 esset,
837 559 1039 590 summus
1059 544 1131 589 vir
1152 553 1251 589 astu
1272 551 1319 589 et
1339 540 1535 599 audacia,
1566 544 1606 592 si

281 625 354 657 res
371 611 592 666 cessisset,
608 609 908 666 ,Salondicus3
933 609 1008 670 qui
1030 609 1199 654 hastam
1217 616 1477 669 argenteam
1492 621 1606 668 qua-

275 675 412 730 tiens,
431 673 557 721 velut
577 673 694 720 coelo
709 673 904 728 missam,
929 672 1185 720 vaticinanti
1208 671 1377 726 similis,
1401 673 1604 719 omnium

276 740 326 786 in
361 754 410 786 se
437 745 610 785 mentes
642 744 938 785 converterat.
1004 737 1094 784 Sed
1116 752 1217 783 curn
1240 737 1333 798 pari
1355 737 1607 784 temeritate

277 805 362 852 sub
399 809 533 850 nocte
569 808 712 849 castra
748 802 945 848 consulis
980 803 1173 857 adiisset,
1197 803 1331 864 juxta
1362 801 1605 850 tentorium

275 867 710 987 ssffihffsstssfflff
731 864 1606 992 ‘gffffi'ssdffiifissgfflaeffugffing’g

273 1005 490 1046 venatore
523 996 652 1052 latro,
688 1009 748 1043 ex
779 996 952 1044 latrone
982 996 1127 1042 subito
1162 995 1254 1041 dux
1292 1001 1425 1056 atque
1459 995 1603 1058 impe·

273 1067 410 1118 rator,
447 1067 507 1116 et,
546 1062 583 1107 si
619 1059 800 1108 fortuna
835 1059 1055 1114 cessisset,
1096 1058 1332 1122 Hispaniae
1364 1058 1605 1116 Romulus,

275 1140 368 1172 non
391 1132 628 1172 contentus
648 1125 895 1171 libertatem
917 1139 1099 1171 suorum
1121 1123 1372 1179 defendere,
1394 1139 1474 1185 per
1493 1137 1604 1186 qua-

272 1189 520 1238 tuordecim
543 1204 685 1236 annos
706 1189 856 1236 omnia
876 1189 989 1236 citra
1010 1189 1213 1250 ultraque
1235 1187 1415 1234 Iberum
1442 1195 1489 1235 et
1509 1187 1605 1235 Ta-

272 1269 384 1318 gum
405 1255 502 1316 igni
524 1252 732 1313 ferroque
751 1253 1015 1316 populatus;
1040 1262 1185 1300 castra
1205 1254 1339 1299 etiam
1355 1260 1602 1314 praetorum

275 1327 322 1366 et
343 1318 584 1381 praesidum
615 1332 871 1380 aggressus,
905 1315 1143 1366 Claudium
1170 1317 1448 1364 Unimanum
1470 1332 1602 1378 paene

271 1383 330 1431 ad
351 1383 698 1430 internecionem
721 1379 1138 1438 exercitiis‘cecidit,
1162 1391 1209 1428 et
1223 1381 1417 1444 insignia
1437 1382 1603 1429 trabeis

271 1455 322 1497 et
355 1447 548 1495 fascibus
585 1447 764 1503 nostris,
799 1463 902 1510 quae
940 1455 1129 1509 ceperat,
1169 1448 1217 1494 in
1249 1446 1475 1494 montibus
1506 1445 1603 1495 suis

271 1520 444 1577 tropaea
457 1511 583 1559 fixit:
615 1513 794 1559 tandem
813 1513 988 1575 [etiam]
1013 1512 1177 1561 Fabius
1195 1512 1427 1558 Maximus
1440 1512 1601 1559 consul

269 1585 575 1643 oppresseratz
617 1578 695 1625 sed
727 1593 754 1624 a
785 1593 1041 1625 successore
1072 1576 1295 1637 Pompilio
1317 1575 1481 1623 violata
1500 1576 1599 1623 vic·
1688 1596 1691 1599 ⁴

270 1644 388 1691 toria
418 1649 488 1690 est
500 1659 515 1699 3
545 1643 710 1705 quippe
731 1644 823 1703 qui,
858 1641 1147 1689 conficiendae
1168 1642 1230 1687 rei
1253 1640 1456 1701 cupidus,
1476 1639 1599 1688 frac-

269 1714 369 1755 tum
407 1708 580 1763 ducem,
625 1715 672 1753 et
709 1715 910 1754 extrema
947 1706 1183 1753 deditionis
1219 1706 1478 1766 agitantem,
1516 1720 1599 1767 per

267 1772 484 1827 fraudem,
510 1779 559 1819 et
582 1772 776 1826 insidias,
812 1777 859 1817 et
891 1771 1163 1817 domesticos
1183 1784 1479 1831 percussores,
1513 1784 1599 1831 ag-

269 1852 468 1902 gressus,
503 1836 617 1883 hanc
638 1836 757 1882 hosti
777 1835 969 1900 gloriam
992 1835 1125 1893 dedit,
1150 1842 1201 1882 ut
1222 1834 1448 1883 videretur
1466 1832 1597 1887 aliter

269 1901 391 1950 vinci
413 1916 506 1950 non
524 1901 738 1965 potuisse.

741 2091 892 2144 CAP.
923 2088 1123 2141 XVIII.

625 2216 818 2264 Bellum
839 2216 1221 2265 Numantinum.

325 2343 620 2400 Nmsm,
664 2351 879 2406 quantum
928 2342 1228 2407 Carthaginis,
1274 2340 1458 2407 Capuae,
1494 2339 1592 2392 Co-

259 2410 414 2467 rinthi,
445 2409 605 2470 opibus
633 2409 828 2465 inferior,
865 2412 929 2458 ita
950 2412 1128 2459 virtutis
1148 2409 1330 2457 nomine
1350 2416 1398 2456 et
1419 2410 1592 2457 honore

257 2488 340 2537 par
373 2473 589 2530 omnibus,
623 2490 948 2538 summumque,
985 2477 1023 2522 si
1061 2476 1183 2523 viros
1221 2474 1433 2527 aestimes,
1468 2472 1591 2520 His-

259 2538 405 2601 paniae
423 2538 587 2587 deense
625 2541 788 2603 quippe
809 2556 927 2602 quae,
962 2540 1059 2587 sine
1077 2554 1222 2593 muro,
1259 2538 1355 2585 sine
1376 2537 1591 2592 turribus,

256 2602 433 2651 modice
463 2602 585 2651 edito
612 2605 662 2652 in
694 2606 869 2653 tumulo
903 2604 1022 2666 apud
1054 2602 1223 2650 flumen
1251 2601 1451 2649 Durium
1488 2601 1591 2655 sita,

253 2674 444 2731 quatuor
469 2668 666 2721 millibus
693 2668 1037 2726 Celtiberorum,
1072 2666 1368 2733 quadraginta
1394 2665 1595 2715 millium
