1838 2922
281 158 347 203 ⁸4
497 150 558 201 Ῑι.
578 150 642 199 A·
661 149 870 199 FLORI
904 148 1011 199 En.
1035 148 1135 199 111.
1164 148 1293 201 One
1310 156 1390 199 20.

280 280 464 329 Lentuli
485 282 606 336 ludo,
629 294 730 328 cum
752 281 939 343 triginta
958 279 1079 327 haud
1092 282 1281 343 amplius
1302 280 1501 345 ejusdem
1516 280 1619 329 for·-

279 354 406 396 tunae
426 348 534 395 viris
555 354 798 407 eruperunt
829 343 1013 408 Capu&
1048 345 1277 407 servisque
1306 347 1363 393 ad
1394 346 1614 397 vexillum

277 412 464 466 vocatis,
503 425 605 459 cum
637 408 786 457 statim
825 409 980 457 decem
1016 410 1203 471 amplius
1240 410 1380 457 millia
1416 412 1617 457 coissent

279 477 528 533 hominum,
543 490 635 522 non
652 474 786 521 modo
809 472 1021 535 effugisse
1041 476 1254 529 contenti,
1276 475 1374 536 jam
1396 474 1614 523 vindicari

277 541 502 589 volebant.
579 539 732 587 Prima
767 539 892 585 velut
937 554 1013 587 ara
1052 540 1161 585 viris
1196 554 1337 589 ‚mons
1378 538 1613 586 Vesuvius

279 605 462 667 placuit.
528 602 598 650 Ibi
623 618 726 649 cum
749 604 1056 650 obsiderentur
1084 618 1111 650 a
1134 601 1296 651 Clodio
1320 604 1504 658 Glabm,
1532 618 1617 665 per

278 668 432 717 fauces
447 669 546 715 cavi
569 669 733 715 montis
750 668 977 731 vitigineis
1000 668 1165 731 delapsi
1188 668 1391 723 vinculis,
1420 669 1478 715 ad
1499 670 1615 715 imas
1715 709 1721 714 .

278 736 376 797 eJus
405 730 674 779 descendere
699 734 896 780 radices:
937 740 983 779 et
1012 734 1137 781 exitu
1162 730 1345 796 [invio,]
1377 733 1487 780 nihil
1524 733 1613 781 tale

279 798 504 861 opinantis
538 798 664 844 ducis
700 799 846 845 subito
879 797 1050 858 impetu
1084 804 1229 844 castra
1260 795 1471 859 rapuere3
1508 798 1617 845 inde

279 862 366 910 alia
401 870 575 919 castra3
625 862 832 925 deinceps
869 860 1035 910 Coram
1047 878 1064 919 3
1104 869 1333 922 totamque
1363 862 1619 924 pervagan-

279 934 356 975 tur
377 924 685 991 Campaniam.
749 926 852 973 Nec
886 927 1093 973 villarum
1115 933 1249 987 atque
1268 927 1471 973 vicorum
1510 942 1617 975 vas-

279 994 452 1041 tatione
483 992 696 1047 contenti,
729 990 916 1049 Nolam‚
951 998 1085 1052 atque
1114 990 1371 1045 Nuceriam,
1400 989 1613 1047 Thurios,

281 1064 414 1117 atque
471 1056 804 1118 Metapontum,
869 1056 1049 1102 terribili
1114 1063 1266 1118 strage
1329 1056 1614 1117 populantur.

281 1120 584 1172 Affluentibus
605 1122 653 1167 in
669 1120 786 1167 diem
803 1121 959 1181 copiis,
982 1135 1085 1167 cum
1109 1122 1206 1183 jam
1226 1128 1347 1167 esset
1355 1124 1511 1182 justus
1532 1134 1618 1167 ex-

281 1185 459 1239 ereitus,
481 1200 510 1232 e
528 1184 780 1241 viminibus,
813 1185 1125 1246 pecudumque
1155 1186 1427 1247 tegimentis,
1452 1185 1619 1236 incon-

281 1250 398 1297 ditos
419 1249 502 1297 sibi
522 1249 732 1310 clypeos3
765 1264 794 1296 e
812 1248 933 1297 ferro
955 1248 1281 1311 ergastulorum
1314 1256 1493 1296 recocto
1514 1249 1617 1311 gla-

281 1314 388 1369 dios,
401 1328 453 1361 ac
469 1312 558 1360 tela
577 1312 796 1361 fecerunt.
857 1313 931 1361 Ac
948 1329 1005 1360 ne
1020 1315 1140 1375 quod
1156 1314 1425 1376 decusjusto
1439 1314 1618 1361 deesset

281 1379 510 1435 exercitui,
533 1378 713 1427 domitis
734 1379 878 1425 obviis
908 1380 1123 1441 gregibus
1159 1386 1339 1441 paratur
1360 1374 1616 1439 equitatu83

282 1450 500 1507 captaque
529 1443 585 1490 de
601 1444 870 1506 *praetoribus
901 1444 1097 1507 insignia
1121 1451 1168 1491 et
1192 1442 1337 1491 fasces
1371 1443 1426 1490 ad
1453 1443 1618 1490 ducem

282 1507 506 1556 detulerez
558 1523 642 1555 nec
683 1509 838 1556 abnuit
879 1508 969 1563 ille,
1014 1509 1071 1556 de
1112 1508 1399 1570 stipendiario
1436 1506 1617 1562 Thrace

280 1575 424 1628 miles,
448 1575 506 1620 de
525 1573 668 1620 milite
689 1573 900 1630 desertor,
918 1573 1023 1620 inde
1044 1573 1173 1627 latro,
1197 1573 1299 1619 dein
1323 1574 1369 1619 in
1394 1570 1613 1636 [honore]

280 1639 444 1688 virium
481 1638 732 1700 gladiatori
769 1639 845 1700 qui
879 1637 1191 1685 defunctorum
1233 1652 1413 1697 quoque
1453 1637 1617 1698 proelio

282 1703 446 1750 ducum
466 1702 626 1750 funera
655 1703 949 1764 imperatoriis
988 1700 1226 1748 celebravit
1248 1701 1485 1762 exsequiis,
1506 1717 1615 1764 cap-

281 1769 488 1828 tivosque
509 1768 626 1814 circa
658 1782 820 1828 rogum
844 1765 983 1829 jussit
1015 1765 1149 1812 armis
1188 1767 1455 1830 depugnare,
1490 1765 1618 1826 quasi

279 1831 412 1894 plane
448 1833 704 1893 expiaturus
742 1845 876 1876 omne
924 1831 1199 1892 praeteritum
1239 1831 1445 1885 dedecus,
1483 1830 1522 1876 si
1560 1831 1619 1878 de

279 1896 528 1960 gladiatore
561 1902 820 1944 munerator
849 1894 1023 1944 fuisset.
1086 1892 1204 1942 Inde
1225 1895 1323 1958 jam
1358 1893 1618 1942 consulares

282 1975 460 2022 quoque
497 1974 756 2022 aggressus,
792 1960 840 2006 in
875 1959 1118 2023 A'pennino
1147 1958 1331 2007 Lentuli
1368 1959 1616 2006 exercitum

281 2025 548 2088 perocciditz
587 2024 703 2086 apud
724 2023 953 2072 Mutinam
978 2021 1079 2073 Caii
1102 2021 1249 2074 Cassii
1272 2031 1417 2071 castra
1439 2023 1621 2071 delevit.

181 2071 188 2080 ’
283 2089 459 2144 Quibus
487 2089 631 2136 elatus
661 2089 874 2147 victoriis,
915 2089 971 2136 de
1006 2087 1258 2136 invadenda
1278 2090 1385 2136 urbe
1407 2086 1620 2136 Romana

283 2154 425 2216 (quod
448 2154 556 2202 satis
577 2161 646 2200 est
661 2155 923 2216 turpitudini
945 2151 1135 2216 nostrae)
1160 2153 1433 2202 deliberavit.
1486 2151 1617 2200 Tan-

283 2219 382 2278 dem
407 2220 540 2266 etiam
573 2219 680 2266 totis
715 2219 888 2282 imperii
911 2220 1078 2266 viribus
1116 2226 1273 2266 contra
1298 2217 1623 2268 mirmillonem.

281 2284 568 2346 consurgitur
580 2301 596 2342 3
629 2284 933 2346 pudoremque
954 2283 1213 2330 Romanum
1237 2282 1442 2330 Licinius
1478 2280 1623 2332 cras—

283 2363 360 2398 sus
389 2349 578 2397 asseruit
594 2367 609 2396 z
646 2365 672 2396 a
705 2364 795 2410 quo
831 2349 949 2410 pulsi
985 2347 1217 2410 fugatique
1248 2349 1409 2410 (pudet
1445 2345 1621 2407 dicere)

281 2414 434 2462 hostes
455 2414 503 2460 in
524 2420 726 2462 extrema
747 2411 894 2469 Italiae
916 2412 1193 2475 refugerunt.
1242 2411 1313 2462 Ibi
1334 2412 1453 2460 circa
1473 2409 1619 2458 Brut-

283 2478 398 2524 tium
412 2479 626 2540 angulum
649 2479 775 2534 clusi,
800 2493 902 2526 cum
924 2477 1081 2540 fugam
1102 2478 1149 2524 in
1172 2477 1374 2526 Siciliam.
1390 2483 1617 2538 pararent.

283 2557 430 2603 neque
450 2543 633 2605 navigia
666 2549 966 2604 suppeterent,
1000 2553 1209 2604 ratesque
1235 2556 1294 2589 ex
1325 2541 1536 2594 cratibus,
1572 2549 1623 2594 et

280 2606 400 2656 dolia
421 2621 624 2660 connexa
653 2607 861 2673 virgultis
895 2608 945 2655 in
988 2607 1267 2670 rapidissimo
1304 2605 1421 2659 freto
1452 2603 1627 2660 frustra
