1838 2922
233 78 314 143 ‘22
363 64 370 69 ’
401 58 970 143 ἀνξιἈϊιιιιουιι
1001 89 1109 147 Ln-
1130 80 1355 141 11.‘cu.
1380 52 1429 141 ι’.

253 230 398 277 ustus,
425 229 558 284 atque
571 223 790 284 equestris
809 221 979 278 ordinis
997 236 1101 283 pars
1122 220 1281 280 melior
1292 226 1339 268 et
1354 220 1513 282 maior,
1534 224 1586 267 et

253 289 424 341 intacta
455 288 716 349 perniciosis
752 286 953 335 consiliis
976 286 1113 349 plebs,
1148 287 1319 333 irruere
1349 286 1398 331 in
1432 285 1585 339 Grac-

254 354 410 411 chum,
431 360 622 409 stantem
639 354 687 399 in
709 350 811 399 area
831 366 937 402 cum
956 352 1151 399 catervis
1164 352 1274 406 suis,
1296 356 1345 396 et
1358 350 1584 410 ,concien-

254 426 350 471 tem
388 432 517 479 paene
554 417 694 463 totius
731 415 878 463 Italiae
913 415 1227 477 frequentiam.
1274 412 1342 461 Ἰιι
1383 414 1583 475 fugiens,

254 483 581 543 decurrensque
602 481 720 529 clivo
743 480 1019 543 Capitolino,
1050 480 1275 542 fragmine
1296 478 1527 525 subsellii'
1515 494 1583 535 ic-

256 553 346 603 tus,
371 547 522 603 vitam,
553 561 688 607 quam
719 546 1043 608 gloriosissime
1064 546 1229 607 degere
1247 551 1467 607 potuerat,
1490 543 1582 589 im·-

255 608 433 659 matura
456 618 600 658 morte
627 610 789 658 finivit.
853 610 965 657 Hoc
1001 611 1178 657 initium
1211 610 1259 655 in
1298 610 1407 664 urbe
1428 605 1587 665 Roma

255 676 402 723 civilis
422 676 668 737 sanguinis,
679 676 1021 739 gladiorumque
1041 674 1341 737 impunitatis
1330 673 1431 720 fuit.
1467 669 1585 727 Inde

247 741 328 803 jus
363 740 408 788 vi
435 740 657 796 obrutum,
689 741 1004 803 potentior-que
1025 740 1201 787 habitus
1221 739 1375 801 prior,
1408 738 1583 785 discor-

257 805 434 865 dieque
470 805 651 860 civium,
693 812 824 853 antea
860 805 1189 851 conditionibus
1232 804 1379 854 sanari
1418 802 1583 859 solitae,

255 868 378 928 ferro
413 869 702 931 dijudicatas·
687 902 702 927 ,
759 868 965 929 bellaque
1003 884 1095 914 non
1142 868 1289 917 causis
1331 868 1456 927 inita,
1502 867 1585 929 sed

256 940 394 997 prout
429 948 585 984 eorum
618 948 792 981 merces
828 932 927 980 fuit.
994 932 1134 986 Quod
1163 932 1281 981 haud
1309 933 1475 979 mirum
1496 939 1586 980 est·

253 997 368 1048 Non
399 998 520 1046 enim
548 998 608 1045 ibi
641 999 893 1053 consistunt
919 984 1145 1059 exempla,
1172 997 1293 1045 unde
1312 1004 1581 1058 coeperunt3

256 1064 350 1118 sed,
373 1050 646 1125 quamlibet
635 1078 682 1109 ιιι
703 1069 886 1109 tenuem
907 1070 1085 1123 recepta
1106 1064 1345 1116 tramitem,
1367 1062 1589 1112 latissime

256 1128 480 1189 evagandi
499 1126 584 1173 sibi
604 1126 722 1173 viam
743 1126 943 1173 faciunt·
970 1133 1027 1181 et,
1053 1126 1127 1172 ubi
1150 1126 1289 1173 semel
1310 1134 1434 1172 recto
1451 1126 1581 1173 deer-

255 1200 404 1249 ratum
437 1197 521 1245 est,
574 1191 622 1237 in
656 1204 856 1253 praeceps
897 1190 1181 1253 pervenitur:
1222 1206 1305 1237 nee
1342 1192 1581 1251 quisquam

259 1257 343 1305 sibi
365 1262 492 1317 putat
513 1262 668 1317 turpe,
677 1256 798 1315 quod
817 1254 892 1301 alii
913 1254 999 1302 fuit
1017 1254 1317 1303 fructuosum.

261 1362 272 1371 .
322 1320 413 1371 1V.
447 1317 650 1374 Interim,
673 1320 780 1369 dum
802 1321 931 1369 haec
918 1335 964 1368 ιιι
988 1318 1124 1367 Italia
1142 1328 1374 1383 geruntur,
1399 1319 1586 1367 Aristo-

231 1386 399 1441 ·nicus,
434 1386 523 1447 qui,
561 1392 740 1437 mortuo
777 1401 887 1448 rege
921 1385 1092 1440 Attalo,
1122 1401 1149 1431 a
1170 1400 1261 1446 quo
1282 1385 1395 1432 Asia
1416 1386 1587 1447 populo

255 1450 468 1501 Romano
490 1450 750 1500 haereditate
763 1450 917 1500 relicta
932 1458 1027 1499 erat
1049 1450 1189 1516 (sicut
1205 1448 1405 1526 [relicta]
1426 1458 1587 1512 postea

256 1524 330 1566 est
365 1533 394 1565 a
427 1516 679 1572 Nicomede
713 1515 973 1579 Bithynia),
1020 1517 1235 1564 mentitus
1261 1515 1401 1578 regiae
1430 1516 1585 1575 stirpis

257 1583 492 1662 originem,
530 1583 666 1630 armis
695 1599 794 1630 eam
832 1591 1155 1644 occupaverat3
1188 1581 1228 1626 is
1257 1581 1406 1627 victus
1442 1595 1471 1626 a
1510 1580 1585 1626 M.

255 1645 503 1709 Perperna,
525 1647 805 1708 ductusque
793 1663 840 1693 m
857 1647 1093 1709 triumpho,
1119 1646 1197 1692 sed
1212 1661 1239 1692 a
1255 1644 1417 1692 Manio
1430 1645 1583 1706 Aqui-
1636 1691 1640 1696 ,

253 1711 332 1768 lio,
364 1712 512 1774 capite
547 1727 704 1774 poenas
736 1711 890 1769 dedit;
924 1727 1029 1758 cum
1060 1711 1189 1756 initio
1222 1710 1327 1756 belli
1362 1709 1583 1757 Crassum

255 1775 540 1834 Mucianum,
577 1777 724 1822 virum
751 1777 869 1838 juris
897 1776 1255 1830 scientissimum,
1286 1775 1581 1834 decedentem

256 1855 315 1888 ex
343 1839 472 1897 'Asia
503 1841 827 1902 proconsulem,
871 1841 1185 1888 interemisset.
1249 1839 1316 1886 Et
1355 1838 1409 1885 P.
1428 1839 1583 1900 Scipio

253 1903 500 1960 Africanus
527 1905 816 1960 AEmilianus,
859 1906 935 1965 qui
972 1902 1299 1965 Carthaginem
1338 1903 1581 1960 deleverat,

252 1977 358 2032 post
391 1976 460 2016 tot
487 1977 692 2030 acceptas
726 1970 844 2016 circa
876 1969 1172 2016 Numantiam
1200 1967 1364 2022 clades,
1399 1978 1583 2017 creatus

251 2035 415 2082 iterum
438 2034 609 2087 consul,
627 2035 878 2092 missusque
893 2033 939 2080 in
960 2022 1243 2096 Hispaniam,
1265 2033 1462 2080 sortunae
1484 2034 1581 2080 vir-

252 2099 441 2159 tutique,
467 2106 665 2160 expertae
695 2099 742 2144 in
781 2096 955 2156 Africa,
990 2097 1258 2160 respondit
1246 2113 1293 2144 ιιι
1318 2095 1578 2160 Hispania3

252 2171 300 2212 et
320 2164 436 2210 intra
456 2177 624 2210 annum
647 2179 702 2210 ac
721 2171 812 2210 tres
833 2177 1013 2210 menses
1032 2177 1168 2224 quam
1190 2177 1246 2210 eo
1267 2171 1467 2217 venerat,
1492 2165 1583 2210 cir-

251 2215 504 2288 cumdatam
531 2217 738 2290 operibus
763 2226 1073 2283 Numantiam,
1112 2227 1399 2286 excisamque
1422 2243 1583 2290 aequa·

251 2293 320 2348 vit
337 2291 452 2340 solo.
515 2291 618 2339 Nec
634 2293 868 2353 quisquam
883 2293 1024 2339 ullius
1044 2292 1195 2354 gentis
1216 2292 1449 2338 hominum
1472 2301 1584 2341 ante

252 2371 358 2404 eum
379 2356 554 2403 clariori
582 2357 756 2406 mbium
785 2358 983 2410 exscidio
1006 2372 1173 2404 nomen
1194 2371 1325 2403 suum
1348 2363 1583 2418 perpetuae

253 2420 585 2476 commendavit
636 2423 880 2469 memoriae.
960 2421 1154 2485 Quippe,
1194 2419 1350 2468 excisa
1382 2418 1583 2469 Cartha·

248 2485 358 2547 gine
392 2499 446 2544 ac
474 2485 740 2546 Numantia,
774 2487 830 2534 ab
867 2487 1051 2534 alterius
1088 2501 1172 2532 nos
1205 2492 1344 2549 metu,
1391 2485 1583 2536 alterius

249 2549 498 2612 vindicavit
517 2551 816 2598 contumeliis.
881 2550 993 2606 Hic,
1024 2567 1129 2598 eum
1160 2545 1471 2612 interrogante
1494 2552 1583 2598 tri-

247 2615 376 2664 buno
393 2609 614 2672 Carbone,
651 2615 759 2678 quid
779 2615 838 2666 de
858 2615 966 2666 Tib.
986 2615 1183 2666 Gracchi
1202 2615 1327 2666 caede
1348 2615 1582 2664 sentiret?
