1838 2922
402 135 465 190 C.
487 140 550 189 V.
575 131 975 190 PATERCULI
1006 137 1113 189 Lis.
1138 137 1209 190 11.
1240 141 1359 193 Car.
1372 143 1451 193 30
1536 126 1595 196 ⁴ll

265 265 432 334 pa‘rem,
455 271 837 327 modestissimus;
857 266 1159 318 'amicitiarum
1177 278 1327 327 tenax,
1346 274 1395 320 in
1418 271 1599 325 offeusis
1619 289 1624 300 ·

265 335 514 388 exorabilis,
538 335 586 382 in
609 333 935 401 reconcilianda
954 333 1101 396 gratia
1119 333 1415 392 fidelissimus,
1446 339 1491 386 in
1517 355 1594 388 ac-

260 398 466 462 cipiendfi
500 399 802 446 satisfactione
843 395 1103 456 facillimus3
1136 401 1339 460 potentia
1366 400 1447 448 sua
1478 419 1594 452 nun-

261 479 412 525 quam,
435 471 512 510 aut
535 479 647 519 raro,
670 465 726 510 ad
741 464 1051 524 impotentiam
1069 478 1177 511 usus
1192 479 1374 526 sperne
1395 469 1595 516 omnium

256 529 470 574 vitiorum
500 543 672 591 expers,
709 529 794 574 nisi
827 525 1134 574 numeraretur
1166 530 1284 575 inter
1307 530 1514 588 maxima,
1546 534 1595 581 in

256 593 440 639 civitate
475 592 626 646 libera,
651 589 930 650 ‘daminaqae
962 593 1179 652 gentium,
1210 594 1448 656 indignari,
1467 612 1472 617 ·
1488 597 1593 645 cum

258 672 418 704 omnes
438 658 560 703 cives
571 658 676 718 jure
697 656 877 701 haberet
898 669 1043 714 pares,
1078 671 1347 718 quemquam
1370 662 1592 720 aequalem

227 769 234 775 ,
256 721 475 784 dignitate
516 721 789 782 conspicere.
873 718 970 766 Hic
1011 735 1040 767 a
1075 719 1186 783 toga
1226 723 1342 770 virili
1380 725 1591 775 assuetus

255 785 520 833 commilitio
539 783 872 850 prudentissimi
905 783 1045 839 ducis,
1079 788 1274 846 parentis
1306 788 1387 843 sui,
1423 791 1590 838 bonum

253 857 304 897 et
324 863 466 910 capax
481 856 604 894 recta
624 847 822 894 discendi
842 849 1075 910 ingenium
1098 851 1312 912 singulari
1332 869 1479 900 rerum
1502 857 1590 902 mi-

251 914 450 962 litarium
482 911 718 974 prudentia
750 911 962 967 coluerat,
993 921 1046 959 ut
1080 928 1108 960 a
1138 915 1337 963 Sertorio
1370 917 1591 967 Metellus

254 978 513 1026 laudaretur
531 978 692 1040 magis,
716 976 961 1038 Pompeius
982 979 1214 1026 timeretur
1228 981 1430 1028 validius.

215 1091 224 1098 ,
253 1073 260 1078 -
320 1041 493 1090 XXX.
511 1044 556 1084 .·
574 1044 601 1071 ‘¹'
623 1044 650 1070 ⁸
671 1039 792 1090 Tum
817 1041 890 1089 M.
906 1041 1135 1104 Perperna
1160 1047 1410 1105 praetorius,
1434 1062 1461 1094 e
1480 1063 1587 1110 pm-

252 1109 444 1171 scriptis‚
467 1107 621 1170 gentis
635 1107 839 1154 clarioris
855 1107 990 1168 quam
1018 1109 1169 1164 animi,
1208 1109 1456 1158 Sertorium
1472 1114 1590 1161 inter

252 1188 429 1221 coenam
458 1169 596 1238 Oscae'
624 1173 864 1228 interemit,
899 1172 1209 1235 Romanisque
1242 1184 1407 1223 certam
1441 1179 1586 1226 victo-

249 1240 378 1294 riam,
399 1239 596 1302 partibus
617 1238 710 1284 suis
730 1237 995 1296 exscidium,
1026 1238 1111 1286 'sibi
1140 1241 1439 1302 turpissimam
1461 1258 1584 1290 mor·

251 1311 362 1362 tem,
381 1302 578 1364 pessimo
601 1303 849 1348 auctoravit
862 1302 1073 1350 facinore.
1138 1303 1358 1352 Metellus
1378 1314 1426 1352 et
1443 1306 1585 1355 Pom-

247 1369 378 1432 peius
407 1382 466 1413 ex
485 1363 739 1430 ‚Hispaniis
776 1366 1189 1426 triumphaverunt:
1230 1371 1309 1416 sed
1342 1369 1587 1434 Pompeius
1660 1387 1669 1396 ‘

247 1433 336 1482 hoc
358 1444 539 1493 quoque
568 1429 806 1491 triumpho,
839 1430 983 1477 adhuc
1020 1446 1155 1492 eques
1190 1431 1440 1491 Romanus,
1480 1445 1588 1487 ante

245 1500 366 1546 diem
389 1510 523 1557 quam
547 1495 827 1541 consulatum
849 1495 996 1551 iniret,
1020 1511 1153 1543 curru
1177 1496 1350 1545 Urbem
1378 1500 1582 1551 invectus

245 1570 332 1611 est.
397 1560 548 1615 Quem
563 1560 710 1606 virum
734 1559 833 1620 quis
855 1574 947 1605 non
964 1560 1163 1615 miretur,
1184 1576 1265 1622 per
1290 1570 1360 1609 tot
1380 1571 1584 1613 extraor-

244 1626 417 1676 dinaria
444 1620 630 1687 imperia
650 1625 697 1671 in
733 1638 961 1671 summum
991 1624 1221 1687 fastigium
1255 1628 1475 1685 evectum,
1509 1630 1581 1677 in-

243 1694 352 1755 iquo
374 1692 531 1739 tulisse
547 1690 710 1744 animo,
728 1687 786 1737 C.
801 1688 1013 1743 Caesaris,
1034 1691 1081 1736 in
1098 1691 1239 1737 altero
1251 1694 1484 1740 consulatu
1500 1710 1581 1756 pe-

243 1758 396 1813 tendo,
419 1764 624 1804 senatum
639 1755 947 1817 populumque
972 1754 1233 1802 Romanum
1257 1758 1473 1805 rationem
1497 1761 1579 1807 ha-

241 1821 385 1869 bere?
472 1820 606 1885 ᾼᾴεο
641 1820 858 1867 familiare
885 1827 958 1866 est
994 1820 1257 1877 hominibus,
1302 1824 1452 1870 omnia
1496 1824 1578 1873 sibi

241 1887 492 1950 ignoscere,
525 1885 636 1931 nihil
666 1885 764 1931 aliis
791 1884 1049 1942 remittere3
1084 1894 1131 1933 et
1161 1886 1374 1933 invidiam
1410 1904 1575 1944 rerum,

244 1967 339 1999 non
359 1950 417 1999 ad
445 1964 638 2005 causam,
661 1950 740 1996 sed
761 1950 818 1996 ad
839 1949 1115 1997 voluntatem
1138 1966 1451 2014 personasque,
1468 1954 1577 2001 din·-

241 2032 366 2081 gere.
435 2014 546 2062 Hoc
578 2012 820 2062 consulatu
838 2013 1083 2077 Pompeius
1110 2017 1388 2064 tribuniciam
1422 2026 1575 2080 potes—x

241 2090 382 2129 tatem
405 2080 618 2134 restituit,
635 2080 764 2141 cujus
787 2079 910 2127 Sulla
930 2081 1171 2143 imaginem
1196 2082 1293 2127 sine
1316 2098 1365 2128 re
1385 2082 1573 2144 relique-

241 2150 326 2194 rat.
391 2144 522 2192 Dum
553 2144 858 2192 Sertorianum
878 2145 1043 2191 beilum
1067 2148 1114 2192 in
1139 2144 1365 2207 Hispania
1382 2149 1571 2208 geritur,

241 2209 623 2274 Lxlvfugitivi
645 2206 672 2255 e
692 2208 800 2256 ludo
825 2209 1093 2271 gladiatorio
1124 2208 1281 2271 Capua
1305 2212 1569 2273 profugien-

241 2282 344 2329 tes,-
364 2275 478 2321 duce
502 2274 728 2335 Spartaco,
767 2275 905 2335 raptis
927 2289 985 2321 ex
1006 2272 1061 2321 ea
1080 2275 1189 2321 urbe
1208 2275 1385 2336 gladiis,
1424 2278 1571 2338 primo

239 2339 498 2401 Vesuvium
527 2334 728 2385 m'ontem
761 2336 960 2401 petiere3
995 2353 1117 2393 mox,
1149 2347 1379 2387 crescente
1406 2343 1452 2389 in
1475 2343 1572 2391 dies

239 2405 541 2459 multitudine,
595 2404 809 2465 gravibus
857 2404 1081 2465 variisque
1130 2404 1325 2451 cladibus
1380 2404 1570 2455 affecere

193 2522 202 2531 ,
240 2468 435 2533 Italiam.
501 2466 714 2525 Quorum
741 2467 955 2515 numerus
983 2468 1031 2514 in
1060 2474 1233 2515 tantum
1260 2470 1467 2526 adolevit,
1504 2478 1567 2528 ut,

241 2534 332 2595 qua
374 2534 532 2581 ultimo
566 2529 856 2580 dimicavere
877 2534 989 2590 acie,
1027 2531 1126 2581 XC
1163 2532 1301 2580 millia
1333 2532 1565 2583 hominum

242 2614 296 2647 se
337 2596 550 2647 Romano
593 2598 809 2647 exercitui
843 2598 1149 2661 opposuerint.
1216 2596 1369 2663 Hujus
1411 2601 1571 2664 patrati

1042 2677 1071 2710 ι·
1092 2666 1123 2709 3
