1838 2922
308 164 375 207 10
568 158 627 207 L.
651 162 715 207 Δ.
734 156 944 209 nolu
976 157 1081 207 In.
1103 156 1146 206 1.
1177 154 1294 207 Cu.
1319 164 1364 207 9.

828 412 980 464 CAP.
1007 412 1103 461 lx.

615 543 697 591 De
716 542 980 592 Mantiane
1001 543 1300 605 Reipublicae.

370 669 560 724 Ianua,
586 669 733 718 Bruto
754 670 1068 733 Collatinoque
1083 673 1268 721 ducibus
1291 678 1338 719 et
1360 672 1630 727 auctoribus,

304 738 461 798 quibus
496 734 713 783 ultionem
752 738 823 783 sui
856 739 1054 785 moriens
1089 745 1298 785 matrona
1325 737 1626 788 mandaverat,

304 800 494 863 populus
522 799 758 847 Romanus
778 801 835 847 ad
856 801 1171 850 vindicandum
1191 802 1406 850 libertatis
1425 816 1478 848 ac
1499 801 1630 863 pudi-

304 865 425 911 citiae
451 864 601 919 decus,
634 864 827 925 quodam
858 867 983 925 quasi
1014 866 1228 913 instinctu
1249 866 1456 913 Deorum
1477 865 1632 912 eonci-

304 936 437 981 tatus,
469 944 622 991 regem
652 936 834 991 repente
862 930 1092 987 destituit;
1123 932 1240 978 bona
1259 930 1408 991 diripit
1419 946 1436 987 3
1471 944 1632 991 agrum

308 992 451 1039 Marti
481 1008 565 1040 suo
592 999 823 1041 consecrat
835 1010 850 1050 3
884 994 1117 1055 imperium
1147 995 1194 1040 in
1216 994 1396 1040 eosdem
1417 994 1633 1039 libertatis

307 1071 403 1104 suae
421 1057 623 1105 vindices
644 1057 866 1109 transfert,
891 1064 1062 1103 mutato
1073 1066 1233 1104 tamen
1255 1058 1436 1104 nomine
1454 1058 1636 1119 etJure.

310 1120 489 1183 Quippe
510 1135 569 1168 ex
589 1126 805 1183 perpetuo
824 1134 1024 1167 annuum
1043 1122 1222 1183 placuit,
1245 1136 1303 1167 ex
1318 1121 1532 1182 singulari
1548 1121 1632 1166 du-

307 1186 426 1248 plex,
451 1200 509 1231 ne
527 1192 725 1247 potestas
747 1184 984 1231 solitudine
1004 1186 1077 1232 vel
1097 1183 1224 1232 mora
1247 1192 1629 1246 corrumpereturz

311 1246 624 1309 consulesque
654 1248 889 1310 appellavit
916 1262 1000 1309 pro
1030 1251 1223 1311 regibus,
1251 1255 1304 1295 ut
1329 1249 1563 1297 consulere
1585 1264 1636 1295 se

308 1314 479 1360 civibus
508 1314 601 1359 suis
628 1313 787 1359 debere
810 1313 1132 1360 meminissent.
1194 1312 1483 1372 Tantumque
1501 1313 1636 1359 liber-

308 1378 413 1425 tatis
434 1392 567 1425 novae
590 1378 803 1440 gaudium
828 1376 1086 1432 incesserat,
1117 1384 1170 1425 ut
1195 1378 1276 1425 vix
1304 1377 1462 1424 mutati
1489 1376 1637 1423 status

308 1440 441 1490 fidem
474 1450 709 1506 caperent3
750 1442 1026 1504 alterumque
1055 1456 1114 1490 ex
1151 1442 1416 1497 consulibus,
1455 1446 1634 1492 tantmn

309 1509 367 1554 ob
388 1522 552 1554 nomen
572 1516 620 1555 et
639 1522 784 1570 genus
804 1508 995 1572 regium,
1021 1507 1216 1556 fascibus
1233 1507 1474 1570 abrogatis,
1507 1505 1638 1554 Urbe

309 1573 595 1620 dimitterent.
662 1571 823 1634 Itaque
857 1573 1123 1620 substitutus
1159 1573 1368 1620 Valerius
1402 1570 1637 1634 Poplicola

310 1651 369 1684 ex
406 1653 582 1685 summo
618 1639 765 1686 studio
802 1638 994 1686 annixus
1030 1645 1100 1685 est
1135 1638 1192 1685 ad
1223 1637 1476 1699 sugendam
1505 1635 1636 1682 liberi

308 1704 462 1764 populi
494 1705 797 1766 majestatem:
840 1717 945 1748 nam
977 1709 1025 1749 et
1052 1701 1198 1749 fasces
1229 1702 1276 1747 ei
1303 1715 1384 1762 pro
1417 1700 1638 1747 concione

309 1767 525 1819 submisit,
559 1774 607 1812 et
626 1768 705 1828 jus
732 1766 1064 1827 provocationis
1091 1765 1306 1812 adversus
1333 1766 1455 1827 ipsos
1483 1765 1636 1821 dedit3

310 1838 373 1886 et,
395 1845 457 1878 ne
476 1831 623 1892 specie
644 1831 758 1876 arcis
779 1829 1041 1887 offenderet,
1063 1831 1310 1877 eminentes
1331 1830 1452 1877 aedes
1467 1843 1572 1877 suas
1585 1829 1636 1875 in

310 1895 447 1957 plana
480 1894 697 1940 submisit.
762 1893 934 1940 Brutus
971 1909 1079 1942 vero
1113 1895 1258 1942 favori
1295 1894 1461 1942 civium
1497 1894 1636 1941 etiam

312 1958 472 2005 domus
495 1973 589 2004 suoe
610 1958 735 2005 clade
754 1965 802 2006 et
814 1959 1050 2021 parricidio
1066 1958 1312 2006 velificatus
1327 1965 1410 2006 est.
1457 1957 1640 2021 Quippe

312 2039 414 2070 cum
438 2024 615 2070 studere
636 2023 895 2070 revocandis
916 2025 964 2069 in
985 2025 1140 2071 urbem
1162 2024 1340 2087 regibus
1352 2024 1515 2071 liberos
1532 2037 1640 2069 suos

311 2089 610 2150 comperisset,
643 2089 859 2151 protraxit
891 2090 938 2134 in
970 2087 1132 2144 forum,
1165 2096 1214 2135 et
1243 2090 1460 2136 concione
1489 2084 1638 2134 medii

310 2153 454 2215 virgis
484 2153 656 2208 cecidit,
690 2161 736 2199 et
768 2153 911 2200 securi
943 2154 1175 2216 percussit,
1211 2161 1262 2199 ut
1285 2154 1416 2214 plane
1435 2152 1640 2215 publicus

311 2231 472 2280 parens
504 2218 551 2263 in
588 2217 737 2264 locum
767 2218 1009 2265 liberorum
1039 2217 1274 2280 adoptasse
1307 2217 1389 2263 sibi
1419 2216 1638 2278 populum

311 2283 551 2336 videretur.
617 2281 753 2328 Liber
772 2283 870 2345 jam
899 2283 1006 2328 hine
1031 2284 1220 2344 populns
1241 2281 1476 2328 Romanus
1495 2281 1640 2342 prima.

313 2347 528 2394 adversus
557 2355 734 2394 exteros
766 2361 1000 2408 armapro
1027 2348 1228 2394 libertate
1251 2346 1464 2407 corripuit
1476 2361 1492 2400 ς
1527 2355 1640 2397 mox

314 2427 396 2473 pro
416 2410 601 2468 finibus3
632 2409 790 2457 deinde
811 2425 891 2473 pro
918 2410 1074 2468 sociis3
1101 2418 1199 2458 tum
1215 2425 1297 2472 pro
1311 2407 1460 2470 gloria
1479 2414 1528 2454 et
1545 2408 1642 2454 im-

312 2475 451 2538 perio,
492 2475 809 2522 lacessentibus
844 2476 1018 2521 assidue
1055 2487 1369 2536 usquequaque
1399 2471 1600 2518 finitimis
1617 2488 1634 2518 ·.·-

317 2540 477 2601 quippe
497 2539 569 2586 cui
592 2540 721 2601 patrii
752 2539 833 2585 soli
864 2539 996 2600 gleba
1021 2539 1156 2594 nulla,
1187 2539 1265 2584 sed
1296 2537 1444 2584 statim
1475 2535 1638 2583 hostile

317 2603 597 2666 pomoerium,
619 2604 879 2664 mediusque
898 2604 1016 2648 inter
1041 2601 1218 2649 Latium
1241 2607 1287 2647 et
1301 2599 1490 2654 Tuscos,
1511 2601 1637 2661 quasi

318 2669 368 2715 in
388 2667 577 2730 quodam
598 2668 719 2715 bivio
741 2667 999 2722 collocatus,
1020 2667 1226 2714 omnibus
1245 2665 1385 2728 portis
1399 2664 1448 2712 in
1462 2664 1638 2714 hostem
