1838 2922
455 108 600 167 LA.
618 107 828 167 FLQRI
859 108 967 167 μμ.
990 108 1080 159 IV.
1114 99 1241 159 cm
1257 112 1305 157 a.
1454 113 1539 159 101

227 243 316 294 fuit
347 254 454 289 cum
487 242 586 302 ipso
618 242 744 297 mari,
777 255 914 301 quam
936 241 1053 287 inter
1076 256 1125 287 se
1148 241 1333 287 navibus
1353 239 1519 288 bellum
1534 257 1551 287 t

227 307 464 368 siquidem,
487 306 616 353 velut
634 305 832 353 furorem
848 306 1043 352 civicum
1065 307 1309 367 castigaret
1332 304 1559 361 Oceanus,

229 380 466 432 utramque
501 371 689 417 classem
729 370 965 432 naufragio
1004 371 1181 417 cecidit.
1248 370 1448 424 Quinam
1479 370 1559 416 ine

227 438 403 491 horror,
429 452 532 483 cum
555 436 711 483 eodem
748 444 951 497 tempore
989 435 1169 492 fluctus,
1206 434 1430 496 procellae,
1457 435 1557 489 viri,

229 517 386 555 naves,
427 509 700 549 armamenta
746 500 1077 561 confligerent?
1098 502 1223 547 'adde
1263 499 1375 545 situs
1416 499 1558 559 ipsius

227 566 531 620 formidinem,
548 566 780 627 vergentia
801 567 848 611 in
873 580 1025 619 unum,
1050 567 1153 611 hinc
1180 564 1430 625 Hispaniae,
1454 563 1558 610 inde

228 632 528 683 Mauritaniae
541 631 704 687 litora3
739 645 862 675 mare
879 636 926 675 et
942 631 1202 676 intestinum
1226 638 1272 675 et
1288 636 1556 676 externum
1536 662 1555 685 ,

231 696 608 755 imminentesque
631 694 848 747 Herculis
870 694 1087 755 speculas,
1130 710 1233 741 cum
1256 693 1407 739 omnia
1428 692 1560 738 undi-

227 775 322 820 que
341 760 474 810 simul
499 759 660 819 proelio
678 766 726 805 et
747 765 1013 819 tempestate
1030 760 1254 805 saevirent.
1302 758 1421 804 Mox
1445 758 1561 805 circa

228 825 490 875 obsidiones
535 824 708 870 urbium
753 824 977 883 utrimque
1020 824 1269 869 discursum
1314 831 1408 868 est·
1398 856 1409 867 .
1461 837 1563 882 quae

229 891 411 939 miserae
441 890 559 935 inter
580 890 663 933 hos
687 894 820 948 atque
848 888 951 933 illos
973 888 1111 935 duces
1140 888 1365 933 societatis
1386 886 1561 933 Roma-

235 968 498 1014 nae.poenas
531 953 706 999 dabant.
775 950 991 997 Omnium
1025 960 1249 1013 postrema
1270 952 1564 997 certaminum

227 1018 431 1069 Munda.
499 1016 593 1063 Hic
616 1032 708 1063 non
729 1031 810 1077 pro
833 1014 999 1065 caeteri‘i.
1026 1016 1252 1069 felicitate,
1287 1016 1366 1079 sqd
1387 1030 1566 1077 anceps,
1594 1052 1599 1055 -

231 1092 282 1131 et
303 1083 378 1129 diu
398 1083 524 1127 triste
545 1082 780 1143 proelium;
808 1088 868 1135 ‚ut
888 1082 1021 1141 plane
1041 1082 1268 1127 videretur
1284 1081 1435 1127 nescio
1458 1080 1565 1141 quid

225 1147 480 1195 deliberare
503 1146 718 1195 Fortuna.
785 1146 904 1193 Sane
940 1154 987 1191 et
1020 1146 1115 1207 ipse
1149 1155 1255 1193 ante
1283 1146 1423 1193 aciem
1447 1160 1565 1191 moe-

229 1213 350 1260 atior
372 1226 465 1259 non
503 1226 560 1257 ex
586 1227 714 1259 more
738 1208 908 1265 Caesar,
942 1212 1039 1257 sive
1077 1219 1283 1271 respectu
1314 1209 1567 1271 fragilitatis

233 1280 462 1329 humanae,
497 1278 592 1324 sive
627 1277 812 1323 nimiam
849 1289 1161 1351 prosperorum
1198 1283 1450 1337 suspectam
1484 1276 1565 1321 ha-

231 1344 350 1391 bens
371 1342 782 1406 continuationem,
818 1341 892 1387 vel
927 1340 1082 1387 eadem
1120 1341 1296 1395 timens,
1330 1348 1566 1415 postquam

233 1406 359 1455 idem
403 1417 503 1453 esse
541 1408 751 1468 coeperat,
783 1405 900 1466 quod
938 1404 1197 1467 Pompeius.
1264 1405 1353 1451 Sed
1388 1406 1435 1450 in
1468 1405 1567 1466 ipso

227 1472 414 1534 -proelio,
431 1473 574 1533 (quod
596 1486 732 1520 nemo
753 1485 949 1530 unquam
966 1468 1253 1530 meminerat)
1266 1485 1367 1516 cum
1387 1470 1565 1530 diupari

228 1536 396 1588 ,Marte
429 1539 548 1584 acies
583 1536 696 1582 nihil
732 1535 850 1581 aliud
885 1549 1018 1595 quam
1049 1536 1317 1588 occiderent,
1347 1535 1394 1580 in
1416 1534 1567 1580 medio

236 1602 399 1651 ardore
429 1602 728 1663 pugnantium
758 1600 908 1649 subito
942 1601 1104 1660 ingens
1132 1600 1249 1646 inter
1271 1607 1485 1659 utrosque
1506 1599 1567 1644 si-

235 1668 446 1720 lentium,
469 1668 595 1726 quasi
615 1665 929 1712 convenisset:
970 1666 1042 1710 hic
1065 1665 1265 1711 omnium
1283 1679 1443 1710 sensus
1458 1670 1567 1710 erat.

237 1730 506 1778 Novissime
549 1731 656 1776 illud
699 1731 962 1776 inusitatum
1004 1728 1203 1776 Caesaris
1248 1729 1391 1776 oculis
1428 1728 1568 1783 nefas,

239 1808 345 1859 post
379 1796 716 1856 quatuordecim
750 1810 891 1842 annos
924 1795 1109 1856 probata
1136 1803 1449 1842 veteranorum
1473 1809 1569 1856 ma-

235 1877 328 1910 nus
347 1861 538 1923 gradum
561 1868 680 1907 retro
701 1859 836 1907 dedit.
895 1859 1033 1914 Quod
1049 1861 1133 1906 etsi
1150 1860 1349 1906 nondum
1372 1859 1567 1920 fugerat,

241 1927 482 1988 apparebat
503 1933 668 1979 tamen,
703 1925 872 1988 pudore
895 1926 1058 1987 magis,
1092 1941 1224 1986 quam
1246 1926 1415 1972 virtute
1436 1925 1569 1971 resis-

242 2000 358 2038 tere.
421 1989 582 2052 Itaque
603 1991 810 2053 ablegato
833 2007 963 2052 equo,
990 1991 1145 2038 similis
1166 1990 1345 2047 furenti,
1379 1991 1569 2052 primam

229 2059 291 2104 jn
313 2057 456 2104 aciem
479 2058 714 2117 procurrit.
781 2055 849 2102 Ibi
882 2056 1369 2119 prensarefugientes,
1404 2053 1568 2102 confir-

239 2135 400 2177 mare3
433 2137 515 2182 per
546 2129 692 2168 totum
727 2121 918 2181 denique
950 2138 1114 2184 agmen
1148 2122 1303 2176 oculis,
1349 2120 1569 2174 manibus,

241 2187 457 2239 clamore,
481 2187 682 2234 volitare.
751 2185 933 2234 Dicitur
970 2189 1017 2234 in
1050 2186 1125 2234 illa
1156 2185 1489 2248 perturbatione
1522 2191 1569 2230 et

231 2251 302 2298 -de
323 2251 538 2298 extremis
560 2249 756 2312 agitasse
779 2266 947 2306 secum,
981 2259 1029 2298 et
1065 2253 1129 2298 ita
1166 2250 1405 2298 manifesto
1442 2248 1572 2294 vultu

235 2315 396 2371 fuisse,
421 2317 546 2378 quasi
567 2331 788 2392 occupare
809 2331 946 2364 manu
964 2325 1156 2362 mortem
1180 2316 1347 2371 vellet3
1383 2313 1467 2360 nisi
1490 2328 1570 2360 co-

239 2382 398 2429 hortes
420 2381 616 2428 hostium
636 2382 834 2442 quinque
854 2397 935 2444 per
956 2389 1253 2428 transversam
1276 2379 1417 2426 aciem
1440 2385 1570 2432 actae,

239 2461 355 2507 quaa
375 2444 606 2494 Labienus
619 2446 971 2510 periclitantibus
986 2446 1143 2494 castris
1164 2445 1358 2492 subsidio
1374 2444 1572 2496 miserat,

237 2509 372 2572 fugae
415 2511 609 2574 speciem
647 2512 958 2574 praebuissent.
1022 2510 1131 2558 Hoc
1152 2516 1233 2556 aut
1250 2509 1347 2571 ipse
1368 2509 1569 2562 credidit,

239 2582 324 2626 aut
343 2576 438 2624 dux
469 2576 654 2626 callidus
675 2577 860 2644 arripuit
880 2578 929 2628 in
950 2576 1259 2630 occasionem.
1298 2581 1347 2624 et
1374 2574 1501 2636 quasi
1521 2574 1570 2622 in

1022 2655 1055 2686 x
1090 2644 1121 2686 8
