1838 2922
439 131 500 180 1.
520 130 584 179 A.
603 126 816 180 FLORI
847 127 955 180 Lu.
974 125 1045 180 11.
1079 127 1199 181 Car.
1221 135 1267 181 6.
1454 132 1531 182 2⁵7

197 258 337 311 Italia
355 259 438 310 sua
457 262 690 318 dubitaret,
713 274 849 308 ausus
870 268 943 310 est
977 267 1128 309 tamen
1159 263 1209 309 in
1242 263 1419 310 diversa
1450 275 1537 310 re-·

198 329 399 390 spicere:
446 341 642 387 cumque
667 327 821 374 hostes
853 327 902 372 in
928 327 1095 389 jugulo
1127 341 1207 388 per
1230 325 1527 390 Campaniam

199 393 506 455 Apuliamque
523 392 776 446 volitarent,
795 391 1079 452 mediamque
1099 392 1155 438 de
1171 389 1303 438 Italia
1322 391 1530 440 Africam

198 457 415 514 facerent,
447 457 606 504 eodem
637 463 840 518 tempore
869 462 921 502 et
951 457 1073 502 hunc
1106 457 1365 512 sustinebat,
1396 463 1443 504 et
1477 458 1529 504 in

199 521 416 578 Siciliam,
439 521 702 576 Sardiniam,
725 519 1014 582 Hispaniam,
1044 521 1185 568 divisa
1206 537 1287 583 per
1306 528 1528 568 terrarum

199 587 356 635 orbem
377 600 501 633 anna
519 586 737 632 mittebat.
795 585 947 632 Sicilia
962 587 1171 634 mandata
1187 586 1425 642 Marcello,
1442 599 1531 634 nec

201 652 281 698 diu
307 651 496 698 restititt
533 657 632 697 tota
659 649 782 696 enim
820 649 968 696 insula
993 651 1042 696 in
1074 649 1165 696 una
1194 652 1303 698 urbe
1324 657 1531 714 superata

201 721 286 764 est.
348 715 536 763 Grande
555 714 682 772 illud,
705 721 753 760 et
773 720 878 761 ante
893 714 940 759 id
960 721 1137 776 tempus
1148 715 1366 762 invictum
1380 722 1531 777 caput,

200 781 452 842 Syracusae,
463 779 666 840 quamvis
678 778 962 824 Archimedis
975 779 1157 841 ingenio
1171 779 1529 836 defenderentur,

204 845 441 905 aliquando
463 851 708 890 cesserunt.
773 841 939 904 Longe
960 843 1023 889 illi
1046 843 1209 906 triplex
1232 859 1403 900 murus,
1434 850 1531 892 tot-

203 909 414 970 idemque
449 921 586 963 arces,
613 913 768 970 portus
801 907 877 954 ille
901 922 1195 967 marmoreus,
1221 916 1269 956 et
1285 908 1389 956 fons
1410 909 1531 956 cele·

201 975 357 1022 bratus
387 972 629 1020 Arethusae
641 988 658 1029 ;
691 972 778 1019 nisi
815 972 937 1032 quod
969 973 1185 1018 hactenus
1220 971 1447 1035 profuere,
1480 979 1533 1020 ut

201 1038 520 1102 pulchritudini
573 1038 708 1084 victae
761 1037 882 1083 urbis
924 1043 1194 1098 parceretur.
1282 1037 1534 1085 Sardiniam

207 1103 444 1151 Gracchus
471 1102 682 1164 arripuit=
719 1088 830 1148 nihil
863 1100 929 1146 illi
993 1103 1163 1148 entium
1195 1099 1363 1158 feritas,
1398 1098 1533 1150 Insa-

204 1181 457 1228 norumque
491 1167 618 1229 (nam
651 1167 717 1212 sic
747 1116 993 1227 vocantug
1027 1167 1281 1214 immanitas
1308 1167 1532 1215 montium

202 1229 427 1296 profuere.
493 1231 714 1278 saevitum
734 1230 782 1276 in
803 1231 948 1284 urbes,
978 1232 1220 1292 urbemque
1240 1232 1415 1278 urbium
1432 1229 1536 1281 'Ca-

205 1298 351 1352 ralim,
373 1303 426 1343 ut
445 1311 560 1359 gens
581 1303 837 1349 contumax,
868 1295 1060 1356 vilisque
1084 1297 1231 1349 morti,
1265 1297 1423 1344 saltem
1454 1297 1539 1345 de-

205 1363 368 1409 siderio
403 1362 537 1424 patrii
575 1360 658 1407 soli
693 1360 963 1407 domaretur.
1026 1358 1083 1406 In
1106 1360 1375 1422 Hispaniam
1408 1361 1543 1409 missi

209 1424 382 1477 Cnaeus
403 1434 453 1473 et
473 1425 661 1473 Publius
685 1425 932 1487 Scipiones,
954 1439 1085 1488 paene
1104 1432 1245 1473 totam
1270 1425 1429 1473 Poenis
1449 1427 1540 1475 eri-

206 1498 424 1555 puerant3
460 1491 538 1537 sed
569 1490 742 1537 insidiis
764 1489 953 1536 Punicae
971 1490 1139 1537 fraudis
1161 1492 1361 1553 oppressi
1381 1506 1539 1539 rursus

209 1556 468 1609 amiserunt,
491 1556 670 1617 magnis
691 1555 868 1615 quidem
901 1554 967 1600 illi
997 1556 1166 1617 proeliis
1198 1570 1302 1602 cum
1342 1554 1539 1603 Punicas

128 1645 132 1648 ·
209 1633 319 1683 opes
341 1620 633 1677 cecidissent3
667 1619 744 1666 sed
768 1617 959 1666 Punicae
991 1619 1165 1666 insidiae
1197 1620 1386 1667 alterum
1417 1619 1540 1668 ferro

208 1692 356 1733 castra
385 1690 646 1739 metantem,
681 1684 884 1739 alterum,
918 1698 1022 1731 cum
1056 1684 1272 1732 evasisset
1290 1684 1339 1730 in
1362 1685 1537 1741 turrim,

206 1751 408 1797 cinctum
439 1748 610 1795 facibus
643 1755 973 1811 oppresserunt.
1040 1746 1202 1813 Igitur,
1238 1750 1285 1795 in
1318 1750 1540 1797 ultionem

209 1814 352 1878 patn‘s
373 1828 426 1861 ac
447 1814 608 1875 patrui,
631 1814 796 1859 missus
817 1828 921 1859 cum
942 1814 1142 1863 exercitu
1165 1814 1334 1877 Scipio,
1356 1815 1429 1863 cui
1446 1822 1541 1864 tam

209 1879 383 1943 grande
395 1878 452 1925 de
468 1876 624 1924 Africa
645 1892 809 1924 nomen
828 1877 923 1925 fata
944 1879 1245 1934 decreverant,
1266 1880 1542 1928 bellatricem

208 1943 350 1998 illam,
385 1943 496 1989 viris
517 1943 742 2003 armisque
761 1943 956 1989 nobilem
982 1942 1264 2005 Hispaniam,
1293 1946 1432 2001 illam,
1466 1960 1543 1993 se·-

209 2007 450 2055 minarium
487 2006 664 2053 hostilis
693 2006 931 2063 exercitus,
953 2007 1073 2053 illam
1098 2006 1370 2056 Hannibalis
1391 2008 1544 2057 erudi-

211 2072 371 2120 tricem
407 2070 687 2135 (incredibile
719 2071 840 2118 dictu
855 2070 892 2132 !)
931 2079 1071 2119 totam
1097 2088 1125 2119 a
1146 2072 1383 2134 Pyrenaeis
1410 2088 1546 2121 mon-

211 2138 334 2185 tibus
358 2136 407 2183 in
429 2134 648 2183 Herculis
667 2136 899 2199 columnas
922 2144 967 2183 et
996 2136 1229 2184 Oceanum
1250 2138 1547 2201 recuperavit,

213 2202 405 2255 nescias,
444 2201 578 2247 citius
611 2214 668 2247 an
703 2200 906 2247 feliciuse
946 2216 1092 2261 quam=
1102 2202 1332 2258 velociter,
1351 2210 1547 2263 quatuor

215 2267 324 2315 anni
343 2264 574 2313 fatentur:
613 2278 748 2326 quam
767 2264 912 2322 facile,
942 2268 1019 2313 vel
1054 2282 1147 2315 una
1177 2268 1336 2315 civitas
1354 2270 1542 2329 probata

214 2331 376 2380 eodem
397 2331 576 2393 quippe,
601 2345 693 2392 quo
713 2330 894 2378 obsessa
915 2338 986 2379 est
1001 2332 1086 2386 die,
1111 2340 1242 2394 capta
1262 2339 1363 2392 est3
1388 2344 1551 2381 omen-

215 2410 308 2457 que
330 2394 564 2444 Africanae
584 2396 790 2443 victoriae
807 2395 906 2452 fuit,
933 2397 1053 2457 quod
1077 2404 1167 2443 tam
1186 2397 1323 2444 facile
1341 2398 1463 2444 victa
1475 2406 1553 2450 est

218 2458 435 2525 Hispana
457 2458 704 2523 Carthago.
761 2458 951 2510 Certum
974 2468 1045 2509 est
1064 2466 1215 2509 tamen
1232 2462 1288 2508 ad
1302 2461 1552 2525 profligan-

217 2524 322 2573 dam
341 2526 622 2589 provinciam
644 2524 842 2573 maxime
865 2525 1109 2589 profecisse
1132 2525 1405 2588 singularem
1428 2528 1557 2577 ducis

221 2590 542 2649 sanctitatem;
577 2591 742 2655 quippe
761 2591 840 2653 qui
861 2591 1065 2654 captivos
1094 2606 1263 2656 pueros
1297 2591 1559 2653 puellasque

217 2655 466 2722 praecipuae
505 2656 852 2723 pulchritudinis
883 2656 1081 2709 barbaris
1118 2657 1378 2718 restituerit,
1416 2670 1477 2707 ne
1514 2658 1563 2704 in

1076 2736 1108 2771 ι
