1838 2922
185 133 190 138 “
280 137 340 181 16
523 132 582 183 L.
605 131 667 179 A.
688 130 896 180 FLORI
930 129 1037 180 Lu.
1059 130 1101 178 1.
1134 129 1253 181 Cu.
1278 137 1354 181 18.
1414 193 1420 198 α

278 275 542 324 quamquam
564 261 610 307 in
634 260 808 308 summa
825 260 955 314 fame,
988 267 1152 314 tamen,
1182 262 1237 308 ad
1268 261 1457 324 speciem
1489 261 1611 311 fidu-

277 327 376 382 ciae,
406 340 544 387 panes
573 326 628 372 ab
655 341 757 372 arce
777 325 1003 385 jaculatus
1032 332 1115 371 est.
1184 325 1253 373 Et
1272 334 1389 374 stato
1410 328 1611 388 quodam

277 391 350 437 die
369 405 449 452 per
469 390 636 436 medias
657 389 850 435 bostium
882 387 1103 435 custodias
1133 388 1319 438 Fabium
1344 391 1607 453 pontificem

276 455 332 501 ab
369 469 471 502 arce
508 455 696 506 demisit,
735 453 808 512 qui
847 453 1049 499 sollenne
1087 467 1261 500 sacrum
1299 456 1347 502 in
1382 455 1609 510 Quirinali

275 526 431 570 monte
453 517 704 566 conficeret.
763 517 914 578 Atque
936 517 1011 564 ille
1030 533 1111 579 per
1130 519 1277 565 media
1297 520 1491 566 hostium
1513 520 1611 566 tela

277 583 514 630 incolumis
535 581 764 642 religionis
787 582 951 628 auxilio
973 583 1131 640 rediit3
1166 585 1466 644 propitiosque
1494 585 1607 632 deos

277 645 560 694 renuntiavit.
625 645 897 700 Novissime,
925 662 1025 693 cum
1040 649 1136 708 jam
1159 649 1327 694 obsidio
1348 663 1427 694 sua
1447 648 1607 694 barba·

275 725 352 758 ros
369 708 618 772 fatigasset,
650 712 772 757 mille
799 713 949 773 pondo
976 713 1070 758 auri
1094 727 1315 759 recessum
1338 725 1465 758 suum
1488 727 1604 759 ven-

277 776 482 828 ditantes,
497 775 630 836 idque
652 777 796 836 ipsum
820 791 900 836 per
921 777 1217 830 insolentiam,
1242 793 1357 830 cum,
1383 777 1437 823 ad
1453 777 1607 836 iniqua

275 841 470 903 pondera
503 839 652 886 addito
686 840 828 886 adhuc
857 840 1023 901 gladio,
1062 842 1246 902 superbe
1280 849 1309 870 “
1332 857 1403 888 vae
1434 839 1603 888 victis”

275 905 568 964 increparent,
599 905 744 950 subito
773 919 1015 964 aggressus
1042 919 1069 949 a
1097 912 1226 964 tergo
1252 904 1469 952 Camillus
1488 905 1605 951 adeo

276 967 446 1022 cecidit,
481 975 532 1012 ut
563 970 712 1014 omnia
744 969 1049 1014 incendiorum
1082 969 1272 1030 vestigia
1304 969 1465 1015 Gallici
1494 984 1601 1015 san·

275 1033 426 1094 guinis
450 1032 738 1078 inundatione
767 1032 946 1077 deleret.
1011 1031 1166 1092 Agere
1190 1033 1357 1093 gratias
1384 1031 1491 1078 Diis
1510 1033 1601 1078 im-

277 1097 532 1142 mortalibus
553 1097 652 1156 ipso
673 1103 812 1141 tantae
833 1096 969 1142 cladis
991 1097 1173 1142 nomine
1191 1097 1333 1142 'libetz
1372 1104 1601 1156 pastorum

277 1171 403 1208 casas
430 1159 549 1220 ignis
577 1159 664 1212 ille,
697 1167 744 1206 et
763 1159 943 1206 flamma
964 1165 1266 1221 paupertatem
1291 1160 1477 1206 Romuli
1500 1161 1603 1208 abs-

278 1224 442 1272 condit.
520 1221 784 1270 Incendium
821 1224 931 1270 illud
969 1225 1075 1284 quid
1112 1226 1206 1284 egit
1248 1225 1379 1286 aliud,
1428 1226 1511 1271 nisi
1552 1232 1603 1273 ut

278 1290 494 1336 destinata
513 1288 744 1335 hominum
767 1304 818 1336 ac
842 1287 1047 1335 Deorum
1071 1289 1293 1336 domicilio
1316 1291 1485 1346 civitas,
1510 1304 1605 1338 nou

276 1355 432 1408 deleta,
457 1367 546 1398 non
571 1353 736 1407 obruta,
769 1353 846 1399 sed
875 1355 1051 1415 expiata
1079 1355 1227 1416 potius
1255 1361 1301 1402 et
1327 1354 1514 1402 lustrata
1534 1357 1605 1404 vi-

278 1417 466 1466 deatur?
501 1415 664 1479 Igitur,
694 1425 797 1480 post
827 1427 1041 1465 assertam
1068 1434 1095 1465 a
1126 1419 1317 1475 Manlio,
1354 1422 1602 1469 restitutam

277 1499 306 1531 a
335 1481 528 1531 Camillo
562 1482 744 1537 Urbem,
785 1485 930 1531 acrius
964 1486 1098 1531 etiam
1128 1487 1521 1545 vehementiusque
1553 1487 1602 1531 in

276 1548 490 1595 finitimos
512 1549 766 1595 resurrexit.
811 1549 883 1597 Ac
898 1550 1091 1612 primum
1110 1552 1309 1596 omnium
1325 1552 1443 1595 illam
1460 1550 1599 1607 ipsam
1670 1552 1673 1555 ’

279 1614 498 1661 Gallicam
521 1621 718 1675 gentem,
749 1630 840 1662 non
864 1622 1101 1662 contentus
1123 1614 1343 1659 moenibus
1364 1611 1599 1671 expulisse,
1622 1654 1627 1659 .

277 1694 380 1725 cum
413 1694 493 1741 per
525 1677 700 1725 Italiam
735 1680 966 1739 naufragia
1004 1694 1084 1723 sua
1120 1677 1253 1722 latius
1288 1676 1492 1727 traheret,
1534 1674 1599 1721 sic

274 1750 536 1805 persecutus
556 1750 626 1788 est
647 1745 758 1790 duce
782 1742 989 1795 Camillo,
1010 1748 1060 1787 ut
1082 1740 1212 1785 hodie
1234 1739 1355 1784 nulla
1372 1738 1600 1785 Senonum

274 1808 466 1869 vestigia
493 1809 728 1869 supersint.
797 1807 947 1853 Semel
978 1804 1093 1866 apud
1126 1803 1347 1849 Anienem
1382 1802 1603 1859 trucidati,

277 1887 380 1919 cum
417 1873 633 1933 singulari
671 1871 912 1917 certamine
949 1868 1151 1914 Manlius
1182 1882 1363 1929 aureum
1398 1875 1597 1927 torquem

274 1936 459 1983 barbaro
481 1939 597 1983 inter
619 1936 758 1997 spolia
775 1934 987 1980 detraxit:
1022 1932 1125 1977 inde
1140 1929 1370 1992 Torquati.
1428 1930 1597 1980 Iterum

278 2000 523 2061 Pomptino
540 2016 667 2061 agro,
689 2014 790 2045 cum
808 1998 853 2042 in
872 1996 1003 2042 simili
1019 1994 1173 2057 pugna
1188 1994 1357 2042 Lucius
1373 1996 1597 2054 Valerius,

275 2064 496 2111 insidente
514 2064 660 2125 'galeae
683 2059 807 2108 sacra
827 2062 932 2107 alite
954 2060 1141 2121 adjutus,
1172 2061 1323 2107 retulit
1352 2062 1517 2122 spolia:
1554 2070 1600 2109 et

275 2129 382 2177 inde
415 2126 616 2175 Corvini.
678 2124 896 2178 Tandem,
931 2132 1034 2185 post
1066 2126 1233 2185 aliquot
1266 2140 1421 2179 annos,
1445 2141 1599 2173 omnes

275 2193 481 2251 reliquias
509 2206 661 2236 eorum
690 2190 738 2234 in
761 2186 945 2235 Etruria
965 2190 1021 2234 ad
1042 2190 1185 2235 lacum
1211 2188 1475 2236 Vadimonis
1502 2188 1599 2237 Do-

275 2256 432 2305 labella
452 2254 647 2311 delevit5
685 2268 742 2299 ne
768 2254 867 2312 quis
899 2262 1095 2299 exstaret
1128 2252 1219 2317 [in]
1244 2252 1297 2300 ea
1326 2254 1478 2317 gente,
1500 2268 1599 2315 quae
1662 2257 1664 2261 '

275 2323 500 2371 incensam
523 2333 550 2364 a
570 2333 620 2364 se
642 2316 836 2364 Romam
861 2318 1015 2365 urbem
1038 2318 1318 2381 gloriaretur.
