1838 2922
469 135 529 185 L.
552 135 844 186 A.FLOR1
877 137 984 186 Lu.
1007 137 1104 187 111.
1137 137 1256 190 cn.
1279 144 1357 192 21.
1509 145 1576 194 ss
1616 118 1620 145 ¹

237 268 581 332 experirentuu
617 269 795 316 tandem
830 270 1066 330 eruptione
1093 269 1226 326 factii,
1257 271 1440 334 dignam
1459 273 1575 326 viris

238 330 389 380 obiere
410 339 625 379 mortem:
664 342 709 381 et
736 334 876 397 (quod
908 336 993 381 sub
1011 334 1261 397 gladiatore
1295 339 1411 384 duce
1436 351 1570 399 opor-

240 397 350 458 tuit)
376 399 473 445 sine
492 399 705 445 missione
726 406 974 461 pugnatum
992 409 1076 447 est.
1144 401 1384 463 Spartacus
1407 402 1502 462 ipse
1521 402 1570 450 in

235 462 383 524 primo
404 462 585 524 agmine
612 463 865 510 »fortissime
885 464 1114 520 dimicans,
1153 467 1282 527 quasi
1313 469 1566 528 imperator,

232 528 409 576 occisus
432 534 515 574 est.

734 709 883 770 CAP.
916 720 1062 771 XXI.

550 851 739 898 Beuum
772 852 917 900 Civile
947 854 1242 902 Marianum.

290 980 412 1030 Hoc
433 979 586 1027 deerat
596 994 736 1027 unum
752 982 903 1043 populi
918 981 1117 1030 Romani
1140 983 1386 1045 maliajffln
1403 991 1454 1030 nt
1463 983 1566 1046 ipsc

228 1048 349 1096 intra
365 1059 415 1093 se
428 1045 687 1107 parricidale
703 1043 908 1109 [bellum]
930 1048 1051 1096 domi
1069 1049 1338 1110 stringeret3
1362 1048 1408 1094 in
1433 1047 1566 1097 Urbe

226 1109 375 1160 media
406 1125 459 1157 ac
480 1109 595 1167 foro,
618 1110 742 1172 quasi
763 1110 910 1167 areni,
934 1113 1058 1160 cives
1085 1127 1187 1158 cum
1211 1114 1382 1160 civibus
1419 1113 1556 1174 [suis]

225 1175 490 1240 gladiatorio
510 1190 638 1222 more
658 1185 988 1223 concurrerent.
1050 1177 1272 1238 AEquiore
1299 1179 1450 1224 animo
1484 1187 1560 1225 ut-

223 1238 633 1354 2⁰12?szssss
648 1241 1157 1367 :Qgfflessg‘gffijgg'ssss
1183 1242 1425 1354 ⁸³„¹,',‘‚’¹’³¹;⁸’
1448 1243 1558 1371 {¹²23

384 1338 397 1360 ‚
1141 1323 1152 1352 :
1192 1324 1216 1354 c
1318 1324 1348 1354 v
1398 1324 1438 1355 o·

216 1369 419 1420 facinus!
456 1369 531 1429 qui
564 1369 673 1416 viri!
710 1371 784 1430 qui
819 1371 1108 1431 imperatores
1123 1369 1160 1431 !)
1203 1372 1364 1418 decora
1401 1379 1448 1418 et
1473 1325 1558 1419 ¹dr..

219 1441 435 1485 narnenta
457 1433 609 1481 saeculi
631 1434 719 1491 sui,
754 1433 933 1481 Marius
961 1442 1008 1482 et
1045 1435 1182 1491 Sulla,
1216 1437 1410 1499 pessimo
1442 1436 1555 1485 faci-

217 1502 319 1550 nori
343 1514 471 1547 susm
500 1500 633 1545 etiam
673 1499 937 1561 dignitatem
958 1501 1245 1561 praebuerunt
1259 1519 1278 1558 3
1311 1502 1466 1555 tribus.
1497 1510 1548 1550 ut

219 1568 285 1615 sic
307 1566 507 1620 dixerim,
533 1564 747 1611 sideribus
768 1566 986 1626 agitatum
1005 1572 1099 1611 est:
1137 1566 1282 1626 primo
1308 1572 1354 1611 et
1378 1566 1480 1620 levi,
1502 1574 1552 1617 et

216 1632 411 1683 modico,
437 1628 631 1676 tumultu
655 1629 813 1691 magis,
830 1644 965 1689 quam
982 1628 1112 1683 bello,
1129 1630 1247 1676 intra
1261 1630 1382 1691 ipsos
1401 1644 1552 1679 armo-

219 1712 319 1744 rum
342 1696 477 1743 duces
500 1694 769 1741 subsistente
792 1691 991 1740 saevitia:
1031 1709 1140 1740 mox
1163 1696 1358 1741 atrocius
1379 1702 1425 1741 et
1447 1710 1548 1742 cru-

214 1762 366 1809 entius
387 1775 466 1822 per
486 1760 623 1806 totius
654 1758 828 1806 viscera
848 1759 1031 1806 senatus
1056 1766 1294 1822 grassante
1325 1758 1514 1807 victorii
1530 1778 1544 1807 ι
1574 1782 1576 1784 >

214 1826 423 1875 ultimum
441 1839 532 1870 non
549 1824 735 1871 civicam
769 1824 918 1879 modo,
943 1825 1022 1871 sed
1044 1824 1251 1872 hostilem
1272 1840 1450 1887 quoque
1473 1840 1548 1875 ra-

210 1892 332 1939 biem
370 1904 704 1951 supergressum
727 1900 823 1947 est;
858 1904 960 1935 cum
1000 1905 1224 1937 armorum
1261 1889 1386 1936 furor
1409 1891 1548 1938 totius

214 1953 365 2003 Italiae
391 1954 559 2001 viribus
594 1954 823 2009 niteretur,
865 1970 1062 2016 eousque
1099 1955 1212 2002 odiis
1245 1956 1544 2009 saevientibus,

212 2022 357 2069 donec
378 2020 601 2074 deessent,
624 2019 701 2079 qui
724 2019 1046 2067 occiderentur.
1113 2018 1298 2067 Initium
1335 2027 1382 2066 et
1409 2034 1544 2067 causa

208 2086 327 2142 belli,
351 2084 627 2146 inexplebilis
655 2084 873 2131 honorum
909 2083 1047 2131 Marii
1081 2084 1235 2140 fames,
1259 2084 1364 2130 dum
1387 2084 1540 2131 decre·

210 2158 303 2199 tam
325 2150 467 2199 Sullae
497 2148 774 2211 provinciam
804 2148 1000 2210 Sulpicia
1028 2150 1132 2211 lege
1163 2149 1386 2196 sollicitat.
1451 2148 1544 2195 Sed

206 2216 447 2278 impatiens
464 2214 658 2275 injuriae,
682 2213 829 2260 statim
856 2213 981 2261 Sulla
1013 2214 1216 2277 legiones
1238 2213 1534 2273 circumegit:

206 2282 433 2341 dilatoque
474 2278 753 2331 Mithridate,
802 2276 1044 2339 Esquilina
1098 2275 1366 2339 Collinaque
1410 2275 1542 2338 porta

208 2346 440 2407 geminum
458 2358 620 2405 agmen
640 2341 755 2389 Urbi
776 2342 954 2391 infudit.
997 2341 1134 2389 Unde
1155 2356 1258 2389 cum
1283 2340 1534 2403 [consulto]

202 2410 431 2473 Sulpicius
452 2417 497 2456 et
518 2407 829 2455 Albinovanus
850 2408 1119 2470 objecissent
1139 2414 1358 2463 catervas,
1381 2406 1538 2454 sudes·-

206 2490 296 2537 que
316 2484 365 2522 et
382 2489 493 2522 saxa
522 2472 717 2533 undique
737 2488 763 2519 a
783 2473 1008 2519 moenibus
1047 2486 1100 2518 ac
1136 2471 1226 2518 tela
1249 2472 1536 2533 jacerentur3

202 2542 219 2587 i
322 2554 499 2601 quoque
515 2538 741 2603 jaculatus
773 2537 981 2585 incendio
1002 2537 1122 2583 viam
1150 2535 1270 2590 fecit,
1303 2548 1538 2595 arcemque

284 2602 441 2669 pitolii,
464 2619 565 2667 quae
586 2602 773 2659 Poenos,
790 2617 981 2665 quaeque
1003 2601 1162 2651 Gallos
1177 2601 1311 2649 etiam
1335 2600 1534 2653 Senones

1123 2679 1144 2713 ι
