1838 2922
283 125 348 172 ⁵8
517 121 577 170 L.
599 121 662 172 A.
685 121 894 174 FLORI
928 122 1036 174 Lu.
1058 123 1159 175 111.
1192 124 1315 178 Car.
1340 130 1399 198 l.⁸

284 249 411 299 nefas
445 251 684 314 legationis
725 253 901 316 erupit;
950 254 1206 317 placuitque
1245 255 1364 303 bello
1405 255 1617 318 persequi

283 315 562 378 parricidam.
627 316 808 366 Primus
829 319 878 366 in
897 317 1147 366 Numidam
1171 317 1441 382 Calpurnius
1457 317 1617 368 Bestia

288 381 449 428 consul
469 382 748 429 immittitur:
787 383 867 429 sed
887 397 983 438 rex,
1006 385 1189 446 peritus,
1219 383 1381 432 fortius
1402 385 1617 432 adversus

290 443 526 494 Romanos
565 461 723 494 aurum
760 453 860 495 csse
896 463 1030 512 quam
1065 447 1249 504 ferrum,
1288 453 1449 512 ‘pacem
1490 449 1617 498 emit.

290 507 436 573 Cujus
455 509 615 574 flagitii
635 527 750 566 reus,
774 527 892 568 cum,
913 513 1242 560 interveniente
1261 512 1437 575 publica
1461 513 1563 570 fide,
1587 529 1618 562 a

284 584 445 623 senatu
467 583 776 633 arcesseretur,
798 579 893 656 pari
915 575 1098 625 audacia
1124 586 1171 625 et
1197 579 1335 640 yenit,
1366 585 1413 625 et
1432 593 1617 646 compe-

287 641 467 688 titorem
494 641 667 702 imperii
689 639 949 693 Masinissae
980 641 1250 701 Massivam,
1282 644 1483 693 immisso
1510 659 1615 706 per-

285 719 483 760 cussore,
521 704 728 754 confecit.
805 706 927 755 Haec
964 708 1102 754 altera
1138 715 1294 755 contra
1331 723 1486 770 regem
1528 707 1619 756 fuit

282 784 422 818 causa
447 769 652 818 bellandi.
717 768 868 834 Igitur
900 787 1091 832 sequens
1126 773 1236 820 ultio
1270 772 1617 827 mandatur-‚Al-

283 834 404 882 bino.
471 834 563 882 Sed
585 837 715 898 huJus
735 851 915 898 quoque
938 837 1043 900 (pro
1064 837 1257 884 dedecus
1272 836 1310 899 1)
1333 839 1398 885 ita
1418 839 1618 900 corrupit

284 899 544 955 exercitum,
585 907 635 947 ut
672 900 924 948 voluntaria
964 908 1221 949 nostrorum
1261 901 1375 964 fugai
1414 903 1619 950 vinceret

286 961 768 1027 Numidaecastrisque
789 967 1031 1028 potiretur-2
1057 967 1208 1015 addito
1228 967 1363 1014 etiam
1386 967 1503 1029 turpi
1522 967 1615 1014 foe-

285 1027 392 1082 dere
419 1029 469 1076 in
496 1031 690 1092 pretium
723 1031 889 1091 salutis,
924 1046 1059 1091 quem
1079 1033 1203 1093 prius
1231 1039 1415 1086 emerat,
1449 1031 1619 1080 dimisit

283 1094 549 1142 exercitum.
611 1094 789 1142 Eodem
821 1103 1024 1157 tempore
1052 1096 1100 1142 in
1132 1095 1364 1152 ultionem,
1400 1111 1492 1144 non
1519 1103 1617 1146 tam

283 1157 458 1220 imperii
491 1156 704 1212 Romani,
736 1174 870 1219 quam
903 1160 1099 1223 pudoris,
1137 1161 1357 1208 Metellus
1388 1161 1585 1223 assurgit
1598 1179 1619 1219 ς

283 1223 361 1283 qui
389 1221 672 1270 callidissime
702 1224 892 1280 hostem,
927 1240 1048 1272 nunc
1074 1225 1292 1288 precibus,
1320 1241 1441 1273 nunc
1466 1225 1618 1282 minis,

276 1286 376 1351 jam
397 1285 618 1342 simulatd,
632 1289 729 1352 Jam
751 1289 877 1350 quasi
898 1288 1007 1336 vera
1026 1288 1136 1354 sugii
1156 1291 1423 1345 eludentem,
1449 1290 1621 1354 artibus

285 1351 380 1407 suis
412 1366 654 1414 aggressus
685 1359 771 1405 est.
833 1353 1067 1417 Agrorum
1094 1363 1228 1418 atque
1246 1357 1449 1402 vicorum
1469 1371 1616 1418 popu-

283 1415 453 1466 latione
475 1431 568 1465 non
598 1425 850 1477 contentus,
883 1419 935 1467 in
964 1420 1061 1483 ipsa
1091 1420 1324 1483 Numidifae
1354 1421 1501 1483 capita
1526 1421 1618 1469 im·

279 1488 440 1545 petum
460 1481 597 1540 fecit3
629 1492 677 1531 et
709 1483 894 1535 Zamam
926 1486 1107 1547 quidem
1137 1486 1303 1533 frustra
1336 1487 1411 1533 diu
1442 1485 1623 1545 voluitg

285 1554 502 1595 caeterum
524 1546 730 1605 Thalam,
761 1565 949 1613 gravem
980 1550 1129 1608 armis,
1162 1552 1461 1611 thesauroque
1480 1551 1621 1615 regis,

257 1640 262 1643 -
283 1614 480 1677 diripui-t.
544 1612 678 1661 Tunc
694 1616 874 1663 urbibus
889 1622 1076 1663 exutum
1093 1630 1262 1677 regem,
1285 1617 1440 1679 etjam
1461 1614 1621 1662 finium

282 1692 468 1728 suorum
491 1679 710 1741 regnique
727 1680 984 1742 fugitivum,
1002 1695 1083 1741 per
1094 1680 1287 1731 Mauros
1306 1688 1443 1741 atque
1456 1681 1622 1731 Gaetu-

283 1743 390 1791 liam
415 1742 693 1805 sequebatur.
746 1744 985 1792 Postremo
1008 1744 1199 1801 Marius,
1216 1746 1359 1792 auctis
1379 1746 1623 1793 admodum

287 1807 444 1871 copiis,
469 1822 586 1865 cum,
610 1824 692 1869 pro
714 1810 985 1856 obscuritate
999 1810 1179 1871 generis
1196 1811 1278 1864 sui,
1299 1811 1443 1873 capite
1458 1825 1623 1857 censos

287 1879 568 1925 sacramento
599 1872 838 1937 adegisset,
863 1874 965 1937 jam
989 1878 1142 1924 fusum
1164 1882 1211 1921 et
1232 1876 1433 1922 saucium
1461 1890 1621 1937 regem

285 1938 484 1994 adortus,
513 1952 608 1984 non
634 1937 808 1987 facilius
839 1946 993 1986 tamen
1016 1939 1140 1993 vicit,
1172 1953 1305 2000 quam
1328 1941 1366 1987 si
1386 1940 1620 2001 integrum

283 2009 335 2051 et
349 2009 591 2051 recentem.
633 2002 730 2049 Hic
751 2004 906 2051 urbem
931 2002 1123 2055 Herculi
1138 2004 1379 2060 conditam,
1404 2002 1621 2067 Capsam.

284 2069 334 2115 in
365 2066 514 2115 media
544 2065 703 2115 Africa
733 2068 955 2130 anguibus
986 2069 1221 2130 arenisque
1250 2070 1475 2125 vallatam,
1503 2067 1621 2118 mira

287 2130 478 2195 quadam
497 2132 712 2179 felicitate
739 2133 965 2194 superavit
977 2150 994 2192 ;
1030 2138 1077 2180 et
1108 2148 1245 2181 saxeo
1265 2134 1451 2181 inditam
1472 2136 1620 2183 monti

285 2196 557 2247 Mulucham
585 2198 754 2252 urbem,
767 2213 864 2275 'per
894 2196 1130 2261 Ligurem,
1166 2199 1290 2275 aditu
1320 2199 1461 2247 arduo
1489 2200 1615 2247 inac-

281 2276 522 2374 §3333
551 2262 1621 2391 Effifssviiauffl’ssaenfflge'ssffuj‘ffoefflssuffi

287 2390 552 2439 Numidiam
582 2392 899 2448 vindicantem,
936 2394 1053 2455 apud
1069 2392 1291 2456 oppidum
1314 2391 1488 2442 Cirtam
1510 2408 1620 2455 gra-

287 2456 406 2503 viter
427 2456 614 2503 ceciditz
643 2458 719 2517 qui
735 2458 826 2517 ubi,
849 2458 1021 2505 diffisus
1037 2459 1167 2505 rebus
1184 2459 1290 2513 suis,
1306 2458 1467 2505 alienae
1481 2458 1623 2507 cladis

283 2520 484 2568 accessio
518 2520 616 2569 fieri
651 2523 797 2581 timet,
828 2524 1023 2584 pretium
1041 2521 1225 2569 foederis
1246 2530 1380 2583 atque
1407 2522 1623 2570 amicitiae

277 2598 442 2647 «regem
481 2583 605 2633 facit.
669 2588 748 2635 Sic
787 2586 1221 2635 fraudulentissimus
1263 2601 1424 2649 regum
1460 2586 1621 2635 fraude

279 2650 424 2701 soceri
440 2650 510 2699 sui
526 2651 574 2699 in
589 2652 770 2701 insidias
785 2652 1005 2700 deductus
1022 2658 1111 2713 est,
1132 2659 1181 2699 et
1201 2652 1343 2699 Suuae
1363 2652 1412 2699 in
1426 2666 1613 2699 manum
