1838 2922
489 141 549 191 L.
572 142 632 191 A.
655 138 863 191 nom
895 106 1004 191 ιη’.
1024 140 1068 191 1.
1101 140 1220 193 cn.
1241 146 1327 191 -ιε,
1508 145 1566 193 21

249 264 581 334 incognitisque
610 266 657 319 in
696 273 741 319 id
776 268 952 334 tempus
987 270 1244 334 elephantis,
1277 271 1404 327 mari,
1437 270 1572 327 terra,

248 335 373 393 viris,
404 338 543 397 equis,
578 338 725 389 armis,
760 337 909 383 addito
943 338 1124 399 insuper
1155 336 1348 383 ferarum
1387 335 1594 391 terrore,¹

246 400 469 446 veniebat.
530 400 666 463 Apud
700 400 983 455 Heracleam,
1018 406 1065 447 et
1096 399 1355 462 Campaniae
1381 400 1569 448 fluvium

246 460 407 519 Lirim,
454 464 645 512 Laevino
682 466 879 520 consule,
923 466 1066 526 prima
1101 480 1285 527 pugua3
1332 480 1434 525 quae
1475 472 1568 511 tam

245 532 378 574 atrox
409 526 505 583 fuit,
540 537 590 575 ut
613 529 852 577 Frentenae
884 538 1046 577 turmae
1073 530 1313 590 praefectus
1344 528 1571 583 obsidius,

246 592 453 639 invectus
475 594 521 639 in
544 609 713 655 regem,
747 594 1002 649 turbaverit,
1037 594 1334 655 coegeritque,
1360 594 1572 655 projectis

244 656 509 717 insignibus,
544 658 705 719 proelio
734 658 964 704 excedere.
1029 657 1197 705 Actum
1227 667 1334 712 erat,
1368 659 1452 705 nisi
1473 658 1569 704 ele-

244 721 401 781 phanti
424 719 652 782 [conversi
672 723 719 767 in
743 722 1041 783 spectaculum
1063 722 1188 786 belli]
1218 722 1570 784 procurrissent3

245 780 437 843 quorum
460 800 563 831 cum
584 786 903 849 magnitudine,
938 794 1034 833 tum
1056 786 1346 841 deformitate,
1381 793 1427 833 et
1449 802 1570 833 novo

248 848 387 894 odore
422 850 553 895 simul
587 865 639 896 ac
674 851 873 905 stridore,
906 852 1180 899 consternati
1214 853 1331 911 equi,
1365 866 1466 897 cum
1497 851 1568 897 in-

249 912 457 973 cognitas
490 914 571 959 sibi
604 915 771 961 belluas
806 916 1008 976 amplius,
1041 930 1172 975 quam
1195 924 1334 969 erant,
1371 916 1568 977 suspica-

248 984 415 1032 rentur,
437 976 591 1039 fugam
609 986 895 1041 stragemque
913 980 1006 1025 late
1026 980 1254 1026 dederunt.
1321 978 1380 1025 In
1402 977 1571 1041 ‚Apulia

243 1040 407 1087 deinde
434 1043 552 1103 apud
581 1044 800 1090 Asculum
834 1044 994 1090 melius
1021 1045 1278 1091 dimicatum
1307 1050 1389 1097 est,
1429 1042 1570 1092 Curio

246 1102 539 1167 Fabricioque
560 1109 840 1155 consulibus:
860 1110 956 1171 jzrm
979 1110 1140 1171 quippe
1158 1109 1403 1155 belluarum
1427 1116 1572 1155 terror

244 1170 511 1226 exoleverat,
546 1180 591 1217 et
616 1171 753 1219 Caius
776 1172 1022 1226 Minucius,
1057 1181 1227 1233 quartae
1253 1173 1445 1235 legionis
1467 1173 1571 1221 has-

242 1229 377 1288 t'atus,
400 1232 543 1281 'unius
605 1238 835 1283 roboscide
874 1236 1054 1290 abscisa,
1087 1239 1202 1283 mori
1232 1253 1366 1299 posse
1401 1236 1570 1283 belluas

242 1294 511 1347 ostenderat.
572 1253 739 1362 ¹ltaque
769 1310 815 1347 et
845 1303 892 1347 in
923 1303 1042 1363 ipsas
1070 1302 1158 1363 pila
1187 1309 1403 1364 congesta
1431 1308 1566 1359 sunt3

240 1363 355 1409 etin
382 1371 527 1411 turres
554 1366 741 1411 vibratae
768 1366 901 1420 faces,
935 1374 1031 1412 tota
1059 1367 1254 1413 hostium
1285 1367 1466 1428 agmina
1493 1380 1568 1411 ar-

242 1426 447 1475 dentibus
484 1430 623 1475 ruinis
658 1428 897 1492 operuere:
937 1445 1022 1477 nec
1050 1441 1155 1478 ante
1188 1431 1300 1478 cladi
1335 1430 1438 1478 finis
1463 1429 1565 1486 fuit,

240 1507 374 1553 quam
404 1507 497 1539 nox
525 1492 777 1540 dirimerett
815 1503 1154 1555 postremusque
1181 1496 1450 1558 fugientium
1471 1494 1568 1560 ipse

240 1571 322 1603 rex
342 1572 370 1603 a
390 1555 665 1611 satellitibus,
702 1559 889 1605 humero
925 1560 1110 1612 saucius,
1146 1561 1190 1605 in
1223 1561 1356 1606 armis
1379 1560 1472 1606 suis
1492 1574 1567 1606 re-

236 1619 443 1668 ferretur.
522 1621 761 1670 Lucaniae.
784 1638 1004 1685 suprema·
1033 1637 1186 1685 pugna
1229 1624 1310 1669 sub
1355 1623 1566 1670 Arusinis

237 1685 375 1748 (quos
396 1685 581 1748 vocant)
607 1688 786 1750 campis,
823 1689 1010 1734 ducibus
1041 1688 1198 1734 iisdem
1227 1689 1303 1748 qui
1331 1688 1534 1750 superius
1547 1705 1562 1734 z

236 1751 316 1796 sed
351 1751 460 1796 tunc
494 1752 551 1797 ad
585 1759 723 1798 totam
761 1753 992 1798 victoriam
1029 1753 1212 1807 exitum,
1246 1768 1378 1813 quem
1411 1753 1570 1800 datura

235 1814 379 1860 virtus
413 1815 511 1870 fuit,
546 1831 675 1862 casus
709 1817 854 1875 dedit:
893 1833 1012 1870 nam,
1047 1818 1274 1880 productis
1301 1819 1348 1863 in
1377 1818 1566 1880 primam

236 1879 379 1924 aciem
404 1895 556 1925 rursus
578 1881 837 1941 elephantis,
862 1897 1001 1927 unum
1024 1896 1082 1928 ex
1105 1883 1186 1937 his,
1209 1883 1395 1944 pullum,
1421 1882 1568 1928 adacti

234 1942 285 1988 in
316 1951 449 2005 caput
478 1945 555 1990 teli
587 1946 739 2006 gravis
760 1946 876 1992 ictus
898 1947 1087 2004 avertit:
1125 1949 1201 2007 qui
1223 1963 1325 1994 cum
1348 1962 1430 2008 per
1451 1953 1570 2006 stra·

234 2021 343 2068 gem
378 2023 563 2054 suorum
598 2023 863 2070 percurrens
896 2011 1084 2057 stridore
1117 2019 1388 2071 quereretur,
1423 2017 1572 2057 mater

235 2073 436 2132 agnovit,
472 2080 531 2126 et,
567 2073 694 2132 quasi
731 2075 988 2129 vindicaret,
1027 2076 1232 2122 exsiluit:
1281 2083 1378 2121 tum
1417 2075 1570 2130 omnin.

235 2137 355 2184 circa
375 2138 500 2198 quasi
524 2137 701 2184 hostilia
721 2140 850 2199 gravi
881 2139 1042 2185 timore
1069 2141 1343 2200 permiscuit.
1405 2139 1479 2185 Ac
1501 2139 1568 2184 sic

230 2201 403 2248 eaedem
422 2201 546 2254 ferae,
582 2217 685 2262 quae
704 2203 893 2263 primam
914 2205 1146 2250 victoriam
1168 2204 1454 2256 abstulerant,
1491 2218 1565 2249 se-

235 2266 427 2312 cundam
468 2281 621 2327 parem
658 2265 870 2321 fecerant,
916 2269 1090 2314 tertiam
1131 2269 1226 2314 sine
1264 2264 1570 2330 controversia

233 2328 468 2376 tradidere.
534 2329 637 2376 Nec
674 2347 782 2378 vero
814 2339 991 2378 tantum
1031 2333 1179 2385 armis,
1215 2339 1262 2378 et
1297 2332 1344 2377 in
1385 2331 1566 2393 campis,

234 2393 314 2440 sed
334 2395 531 2441 consiliis
554 2411 743 2456 quoque,
766 2397 953 2442 et.domi
975 2398 1093 2442 intra
1119 2395 1306 2452 Urbem,
1331 2411 1432 2441 cum
1457 2409 1568 2456 rege

235 2455 415 2518 Pyrrho
449 2460 707 2506 dimicatum
739 2469 822 2507 est.
890 2460 1086 2524 Quiflse‘,
1119 2469 1222 2520 post
1248 2461 1435 2520 primam
1463 2459 1562 2505 vic·

234 2524 411 2578 tor-iam,
432 2538 513 2570 rex
530 2524 727 2579 callidus,
748 2524 978 2572 intellecta
993 2525 1158 2570 virtute
1175 2522 1396 2579 Romana,
1413 2523 1564 2570 statim

236 2585 487 2648 desperavit
524 2589 687 2645 armi83
731 2604 867 2649 seque
905 2589 963 2635 ad
1000 2589 1126 2634 dolos
1165 2589 1366 2634 contulit.
1441 2585 1566 2648 Nam

234 2648 497 2700 interemtos
517 2654 733 2703 cremavit
744 2670 761 2713 ς
786 2653 1074 2716 captivosque
1095 2652 1378 2714 indulgenter
1398 2649 1576 2704 habuit,-
