1838 2922
204 108 274 158 54
437 101 498 152 1..
521 101 582 152 A.
605 99 814 154 FLORI
843 100 953 154 Lm.
974 100 1047 154 11.
1076 101 1306 158 02:19·

210 236 261 284 in
281 232 491 298 proelium
511 241 706 289 ruerent,
739 246 845 282 eum
867 248 967 281 sese
986 233 1109 296 prius
1130 235 1285 298 epulis,
1316 235 1443 297 quasi
1466 233 1544 282 in-

207 299 344 354 feriiae
378 299 701 361 implevissent,
735 298 882 346 carnis
911 299 1187 354 semicrudae,
1220 308 1268 348 et
1297 301 1423 348 celiae
1454 301 1545 364 (sie

207 370 376 414 vocant
406 364 666 426 indigenam
703 377 763 409 ex
799 362 1027 410 frumento
1058 363 1327 426 potionem.)
1392 363 1543 412 Intel-

207 429 380 478 lectum
401 430 456 476 ab
478 429 744 490 imperatore
763 427 1027 474 consilium:
1068 431 1215 489 itaque
1236 443 1329 476 non
1350 435 1421 477 est
1438 443 1545 491 per-

210 495 352 544 missa
387 507 542 555 pugna
583 492 824 539 morituris.
905 490 1025 541 Cum
1062 492 1188 540 fossa
1222 501 1357 555 atque
1391 491 1546 548 loricii,

214 565 494 622 quatuorque
515 557 686 611 cestris,
721 557 1020 604 circumdatos
1041 556 1184 604 fames
1206 567 1455 621 premeret;
1488 557 1547 605 ab

212 625 330 674 duce
351 627 531 668 orantes
555 622 778 684 proelium,
813 629 865 668 ut
894 629 1124 683 tamquam
1152 624 1276 670 viros
1304 622 1543 676 occideret,

213 689 292 736 ubi
324 701 417 734 non
451 686 760 748 impetrabant,
793 687 961 749 placuit
980 688 1167 750 eruptio.
1236 688 1313 735 Sic
1340 683 1549 736 conserti

214 767 354 800 manu
373 750 553 814 plurimi
577 751 736 798 occisi:
767 757 815 797 et
836 767 939 798 cum
961 761 1144 814 urgeret
1162 751 1320 808 fames,
1344 753 1547 813 aliquan-

215 818 356 880 tisper
383 815 489 862 inde
516 813 687 862 vixere.
750 815 1015 863 Novissime
1047 817 1283 864 consilium
1315 816 1442 880 fugze
1474 831 1549 864 se·

218 881 311 930 dit:
339 880 418 928 sed
438 881 526 928 hoc
547 895 738 941 quoque,
762 881 902 943 ruptis
917 896 1135 942 equorum
1152 882 1359 944 cingulis,
1384 895 1551 929 uxores

217 944 436 1002 ademere,
471 961 648 992 summo
683 946 864 999 scelere,
899 961 979 1007 per
1008 961 1219 994 amorem.
1286 944 1449 1008 Itaque
1468 945 1553 993 de-

217 1011 393 1073 plorato
427 1011 565 1065 exitu,
599 1011 645 1056 in
680 1010 883 1071 ultimam
919 1011 1085 1057 rabiem
1117 1011 1405 1072 furoremque
1439 1025 1551 1058 con-

216 1075 352 1130 versi,
371 1081 600 1137 postremo
621 1075 734 1121 mori
751 1075 836 1120 hoc
853 1089 1021 1137 genere
1036 1073 1327 1124 destinarunt.
1392 1074 1554 1122 Duces

213 1155 344 1194 suos,
375 1153 524 1200 seque,
559 1139 848 1200 patriamque,
884 1138 1005 1187 ferro
1035 1147 1082 1188 et
1102 1155 1293 1196 veneno,
1328 1141 1553 1202 subjecto-

219 1220 310 1266 que
331 1202 526 1265 undique
545 1203 667 1264 igne,
699 1211 997 1266 peremerunt.
1063 1205 1224 1253 Macte
1249 1205 1554 1260 fortissimam,

219 1279 282 1324 et,
306 1284 410 1316 meo
421 1268 610 1331 judicio,
631 1268 931 1315 beatissimam
946 1269 995 1315 in
1016 1270 1124 1332 ipsis
1144 1271 1275 1316 malis
1296 1268 1551 1318 civitatem!

221 1334 435 1382 Asseruit
466 1348 568 1380 cum
605 1331 694 1380 fide
733 1333 904 1392 socios;
937 1335 1151 1396 populum
1182 1335 1301 1382 orbis
1335 1343 1554 1382 terrarum

220 1399 390 1446 viribus
409 1396 586 1453 fultum,
621 1395 702 1444 suii
721 1413 872 1454 manu,
897 1406 1031 1446 aetate
1053 1407 1145 1447 tam
1167 1398 1309 1463 long&
1330 1399 1555 1448 sustinuit.

221 1453 487 1513 Novissime
507 1464 706 1511 maximo
729 1466 842 1512 duee
864 1480 1077 1529 oppressa
1098 1466 1269 1521 civitas,
1304 1466 1477 1513 nullum
1501 1465 1558 1511 de

221 1544 274 1577 se
305 1528 520 1593 gaudium
555 1530 674 1576 hosti
709 1530 912 1592 reliquit:
953 1546 1069 1579 unus
1097 1531 1217 1577 enim
1247 1532 1319 1577 vir
1346 1529 1557 1577 Numan·

224 1596 348 1643 tinus
367 1609 460 1641 non
478 1593 577 1650 fuit,
612 1595 689 1655 qui
717 1596 765 1642 in
787 1596 959 1643 catenis
981 1597 1232 1645 duceretur.
1298 1594 1473 1649 Praeda,
1506 1602 1559 1641 ut

224 1659 282 1707 de
296 1659 576 1723 pauperibus,
599 1660 748 1707 nulla:
771 1668 894 1711 arma
914 1660 1000 1723 ipsi
1016 1668 1335 1710 cremaverant.
1367 1658 1557 1709 Trium-

223 1724 343 1788 phus
361 1723 448 1773 fuit
469 1730 644 1773 tantum
666 1726 722 1773 de
743 1726 941 1773 nomine.

729 1918 878 1969 CAP.
907 1918 1054 1967 XIX.

293 2046 568 2097 HAcuuus
599 2050 790 2112 populus
827 2049 1064 2097 Romanus
1099 2050 1296 2113 pulcher,
1332 2051 1557 2114 egregius,

228 2113 344 2177 pius,
377 2121 573 2170 sanetus,
607 2122 740 2175 atque
771 2114 1065 2177 magnificus:
1105 2117 1275 2177 reliqua
1303 2112 1473 2174 saeculi,
1506 2124 1559 2167 ut

225 2179 418 2241 grandia
443 2192 584 2240 seque,
619 2178 684 2225 ita
715 2179 791 2225 vel
817 2180 965 2242 magis
993 2181 1166 2228 turbida
1192 2189 1239 2228 et
1265 2180 1401 2236 foeda,
1438 2196 1557 2230 cres-

229 2244 432 2291 centibus
467 2258 569 2291 eum
597 2241 694 2306 ipsa
721 2245 1033 2305 magnitudine
1058 2246 1232 2309 imperii
1260 2246 1407 2294 vitiis:
1447 2247 1560 2301 adeo

231 2315 296 2363 ut,
331 2308 372 2355 ei
405 2309 504 2369 quis
532 2309 648 2355 hanc
675 2308 851 2355 tertiam
873 2311 971 2371 ejus
993 2318 1172 2357 aetatem
1204 2311 1558 2369 transmarinam,

231 2388 365 2435 quam
387 2374 680 2420 ducentorum
703 2388 923 2421 annorum
944 2375 1147 2431 fecimus,
1168 2376 1351 2430 dividat,
1376 2383 1557 2424 centum

229 2440 316 2485 hos
335 2438 520 2500 priores,
553 2438 715 2498 quibus
736 2438 953 2495 Africam,
988 2440 1318 2495 Macedoniam,
1344 2441 1557 2499 Siciliam,

231 2500 516 2565 Hispaniam,
543 2503 730 2559 domuit,
751 2519 910 2552 aureos
934 2506 1071 2569 (sicut
1086 2506 1234 2568 po'e‘tae
1248 2503 1437 2567 canunt)
1463 2508 1561 2555 ’ure

227 2566 480 2627 meritoque
503 2566 729 2627 fateatur3
763 2577 946 2617 centum
968 2577 1204 2632 sequentes
1231 2570 1400 2617 ferreos
1427 2587 1457 2632 p
1476 2586 1563 2619 ane

229 2640 282 2681 et
313 2638 538 2693 cruentos,
567 2642 618 2684 et
649 2635 688 2683 si
723 2634 832 2696 quid
861 2636 1101 2685 immanius
1113 2652 1129 2695 ς
1163 2636 1325 2701 quippe
1358 2636 1435 2697 qui
1469 2632 1503 2686 J
1505 2650 1562 2685 u·
