1838 2922
296 124 390 171 tos
531 116 592 167 1..
617 117 678 167 A.
699 114 909 167 FLORI
940 110 1045 167 Lu.
1069 114 1159 165 IV.
1190 114 1310 167 Cu.
1331 117 1380 165 Ξ.

287 250 540 313 fugientem
560 250 778 303 invectus,
819 248 956 297 simui
972 254 1021 295 et
1042 262 1221 295 suorum
1244 247 1389 295 erexit
1413 244 1609 303 animai,

277 318 341 363 τί
360 314 501 363 hostis
520 314 720 377 perculit.
786 313 908 361 Nam
930 314 990 369 hi,
1022 314 1131 360 dum
1152 328 1202 359 se
1228 318 1387 373 putant
1409 312 1611 367 vincere,

277 379 450 427 'fortius
474 381 628 441 sequi3
662 378 937 441 Pompeiani,
970 377 1077 424 dum
1096 378 1257 438 fugere
1276 376 1465 423 credunt
1486 392 1611 431 suos,

271 444 449 508 -fugere
466 450 715 507 coeperunt.
766 442 951 497 Quanta
968 442 1105 489 fuerit
1124 442 1317 488 hostium
1340 441 1500 495 caedes,
1524 441 1607 494 ira,

285 510 517 570 rabiesque
550 508 804 562 victoribus,
845 508 910 554 sic
954 508 1165 554 aestimari
1206 512 1369 568 potest.
1436 503 1547 551 Hoc
1584 518 1614 551 a

284 574 449 637 proelio
469 572 662 635 profugi,
685 588 788 619 cum
809 588 860 619 se
882 572 1103 619 Mundam
1127 571 1411 632 recepissent.
1432 575 1481 616 et
1498 567 1609 618 Cae-

289 653 363 686 sar
383 638 575 685 obsideri
605 638 754 684 statim
793 638 941 684 victos
970 634 1245 698 imperasset,
1279 634 1509 697 congestis
1530 648 1609 681 ca-

287 702 522 750 daveribus
557 717 700 764 agger
731 701 918 749 effectus
952 711 1053 758 est;
1086 715 1191 759 quae
1227 699 1328 761 pilis
1355 698 1611 761 jaculisque

285 766 478 821 confixa,
501 766 618 815 inter
640 782 688 813 se
709 768 995 813 tenebantur:
1022 764 1193 811 foedum
1214 764 1349 810 etiam
1370 764 1488 809 inter
1502 762 1608 809 har-

283 833 414 879 baros
433 831 445 879 !
515 831 606 879 Sed
627 831 832 878 videlicet
852 830 1086 877 victoriam
1107 828 1439 889 desperantibus
1462 825 1611 873 Pom·

281 896 372 959 peii
391 896 554 950 liberis,
589 893 967 956 Cnaeum2proefio
989 892 1246 953 profugum,
1279 906 1408 937 crure
1438 892 1605 947 saucio,

175 960 182 969 '
284 960 461 1007 deserta
481 967 528 1007 et
549 960 650 1006 avia
669 966 912 1021 petentem,
946 956 1168 1005 Cesonius
1200 955 1316 1017 apud
1344 954 1605 1003 Lauronem

283 1025 498 1087 oppidum
523 1031 802 1077 consecutus,
824 1028 1102 1083 pugnantem
1128 1021 1263 1083 (adeo
1290 1020 1491 1066 nondum
1522 1020 1606 1066 de-

285 1086 512 1151 sperabat)
537 1086 774 1135 interfecit.
839 1086 1028 1132 Sextum
1049 1084 1231 1131 fortuna
1245 1086 1292 1130 in
1316 1082 1605 1132 Celtiberiam

281 1154 458 1200 interim
492 1152 754 1208 abscondit3
789 1150 973 1209 aliisque
995 1156 1098 1211 post
1120 1148 1347 1197 Caesarem
1372 1148 1499 1196 bellis
1532 1162 1605 1195 re-

283 1218 493 1265 servavit.
559 1214 717 1264 Caesar
737 1215 784 1262 in
805 1215 993 1277 patriam
1022 1215 1167 1261 victor
1194 1213 1432 1260 invehitur.
1498 1211 1605 1259 Pri-

279 1296 404 1329 mum
439 1282 496 1329 de
519 1278 669 1328 Gallia
689 1280 965 1342 triumphum
986 1280 1291 1326 transmiserat
1311 1277 1518 1334 Rhenus,
1554 1285 1605 1325 et

281 1346 545 1401 Rhodanus,
577 1353 625 1392 et
658 1360 716 1392 ex
759 1359 867 1391 auro
906 1345 1109 1406 captivus
1153 1343 1377 1405 Oceanus.
1444 1342 1605 1391 Altera

279 1411 431 1459 Laurus
457 1410 705 1475 AEgyptia:
743 1418 850 1457 tunc
873 1410 918 1456 in
941 1409 1121 1456 ferculis
1144 1407 1292 1464 Nilus,
1317 1406 1530 1466 Arsinoe,
1554 1414 1604 1454 et

279 1478 337 1524 ad
373 1479 658 1530 simulacrum
683 1477 856 1539 ignium
891 1476 1052 1523 ardens
1088 1473 1277 1521 Pharus.
1338 1471 1522 1520 Tertius
1544 1473 1603 1520 de

281 1542 514 1591 Pharnace
555 1557 726 1597 currus,
759 1549 807 1589 et
845 1541 1011 1588 Ponto.
1100 1539 1301 1594 Quartus
1342 1536 1509 1588 Jubam
1553 1545 1602 1585 et

279 1607 483 1662 Mauros,
539 1615 588 1654 et
627 1608 696 1654 bis
739 1608 967 1653 subactam
1012 1604 1273 1653 ostendebat
1316 1601 1604 1664 Hispaniam.

280 1672 523 1727 Pharsalia,
567 1679 615 1718 et
655 1669 876 1733 Thapsos,
916 1677 965 1717 et
1002 1669 1180 1716 Munda
1216 1682 1452 1729 nusquam.
1532 1666 1602 1714 Et

278 1745 446 1798 quanto
478 1739 647 1801 maj0ra
683 1743 823 1791 erant,
859 1734 915 1780 de
952 1735 1111 1794 quibus
1140 1748 1232 1779 non
1270 1731 1598 1794 triumphabat!

279 1801 376 1848 Hic
399 1801 635 1862 aliquando
655 1799 758 1846 finis
779 1800 914 1846 armis
934 1798 1034 1846 fuit.
1101 1797 1295 1860 Reliqua
1324 1811 1413 1858 pax
1442 1797 1603 1844 ineru-

278 1873 385 1914 enta
396 1883 412 1923 ;
447 1872 769 1928 pensatumque
789 1861 1027 1910 clementia
1044 1863 1225 1909 bellum.
1278 1861 1431 1908 Nemo
1452 1875 1603 1910 cesus

279 1924 1607 2057 iv'fflssmpffifflmmffifflfflffffissssfflffiffiffmfflss‘

276 2075 366 2122 que
385 2059 588 2121 Pompeii
601 2073 705 2105 cum
725 2009 1041 2122 [patruelibuff]
1056 2072 1116 2104 ex
1134 2055 1282 2113 Sum3
1298 2021 1601 2118 (hic’posteris

277 2122 554 2185 cavebatur.)
622 2121 795 2185 Itaque,
841 2137 935 2170 non
978 2123 1167 2183 ingratis
1209 2121 1393 2174 civibus,
1438 2132 1600 2168 omnes

276 2204 417 2237 unum
451 2190 498 2236 in
531 2189 775 2251 principem
809 2188 1013 2250 congesti
1036 2187 1255 2233 honores:
1294 2185 1412 2232 circa
1430 2185 1602 2248 templa

275 2254 527 2317 imagines;
560 2255 608 2300 in
638 2255 815 2300 theatro
851 2253 1060 2307 distincta
1088 2251 1221 2298 radiis
1254 2263 1449 2307 θοι-σοις
1484 2263 1599 2311 sug-

275 2327 434 2385 gestus
455 2319 502 2366 ia
525 2316 673 2376 ουκ-ἱεὶς
719 2317 949 2379 fastigium
971 2317 1018 2362 in
1040 2315 1207 2373 d0m03
1241 2313 1410 2362 mensis
1431 2313 1479 2360 in
1500 2327 1597 2360 οω-

271 2384 349 2443 Ῑο;
372 2383 428 2431 ad
449 2385 536 2431 hoc
559 2382 697 2430 Pater
708 2383 804 2444 ipse
823 2382 995 2443 pati-im,
1016 2388 1345 2442 perpetuusque
1356 2377 1595 2426 Dictators

275 2449 518 2496 novissime
536 2448 754 2512 (dubium,
776 2456 835 2493 an
856 2447 955 2508 ipso
974 2442 1179 2506 volente)
1204 2443 1351 2492 oblata
1369 2457 1451 2506 pro
1468 2440 1599 2490 Ros·

273 2514 356 2561 tris
375 2514 432 2561 ab
448 2511 650 2560 Antonio
671 2511 856 2558 consule
877 2510 1007 2572 regni
1028 2510 1238 2572 iusignia.
1284 2507 1407 2562 Quae
1427 2508 1596 2564 omnia,

273 2577 401 2628 velut
418 2576 588 2635 infulae,
607 2577 658 2626 ia
677 2576 945 2626 destinatam
968 2575 1103 2628 motti
1122 2574 1353 2624 victimam
1372 2585 1599 2638 ωοςοιο-
