1838 2922
303 149 371 196 64
540 143 599 194 L.
619 143 681 195 Δ.
703 143 912 196 me
944 143 1053 195 Lu.
1075 143 1175 207 111.
1204 143 1326 198 Car.
1346 149 1399 199 ὅ.

303 273 442 322 nimum
471 281 606 337 atque
637 276 862 324 districtos
892 277 1064 324 subitus
1095 278 1227 326 turbo
1248 276 1429 326 Pontici
1448 276 1550 326 belli
1572 279 1631 328 ab

303 336 464 386 ultima
481 341 623 388 veluti
645 339 825 403 specula
849 340 1189 402 Septemtrionis
1222 344 1383 406 erupit·
1442 341 1629 392 Primus

303 403 459 452 statim
482 404 676 467 impetus
703 405 809 453 belli
829 405 1093 468 Bithyniam
1113 407 1273 470 rapuit.
1337 406 1450 456 Asia
1469 407 1633 456 deinde

301 469 402 532 pari
423 475 592 517 terrore
613 478 816 532 correpta
837 475 921 517 est.
986 469 1090 518 Nec
1112 478 1373 520 cunctanter
1392 472 1451 520 ad
1470 487 1629 534 regem

304 534 362 581 ab
381 535 560 581 urbibus
579 535 746 582 nostris
765 535 1031 598 populisque
1050 536 1267 584 descitum
1284 545 1371 584 est.
1419 535 1626 595 Aderat3

303 597 496 646 instabat
508 615 524 658 ς
560 599 733 647 saevitia
765 601 891 663 quasi
919 602 1087 648 virtute
1118 601 1353 648 utebaturz
1391 616 1496 648 nam
1550 601 1630 648 uid

304 663 501 710 atrocius
531 678 624 711 uno
661 666 756 728 qius
788 665 950 721 edicto,
983 681 1086 712 cum
1124 680 1296 722 omnes,
1324 667 1407 726 qui
1441 666 1488 712 in
1560 663 1631 714 sid

301 725 464 783 forent,
503 727 729 778 Romanae
765 730 959 777 civitatis
991 730 1195 777 homines
1231 729 1421 777 interfici
1448 730 1589 793 'iussit
1602 729 1628 776 ἓ

303 790 426 839 Tum
449 793 626 853 quidem
650 795 823 850 domus,
845 795 1025 856 templa,
1059 802 1106 842 et
1132 809 1236 850 arae,
1259 796 1453 842 humana
1473 795 1631 844 omnia

301 863 440 970 2fletque
461 857 610 916 divina
622 859 728 920 jura
748 860 912 936 violata
934 866 1083 971 sunt13⁸
1083 859 1210 972 &Setll
1208 859 1305 986 :ilc
1332 859 1631 972 ‘erimflfff

353 937 534 985 uropam
565 938 624 984 qu
687 939 812 970 uere
880 939 907 971 a
1002 939 1029 970 e
1284 939 1341 972 ue
1361 939 1512 972 missu
1604 951 1633 966 -

301 987 460 1034 ohelao
505 940 776 1050 Neop‘iqolem
810 940 894 1034 gnie
905 939 1168 1050 Ρὲητείεοῐίε,
1215 987 1403 1052 excepta
1444 987 1631 1045 Rhodo,

300 1066 407 1112 quoe
421 1067 504 1114 pro
519 1054 646 1099 nobis
658 1055 795 1108 stetit,
839 1053 1077 1118 caeterum]
1096 1049 1334 1113 Cyclades,
1349 1052 1511 1109 Delos,
1526 1052 1633 1101 Eu-

300 1115 418 1171 boea,
458 1122 504 1162 et
530 1117 676 1178 ipsum
708 1117 904 1164 Graeciae
937 1117 1086 1172 decus,
1109 1116 1321 1174 Athenoe,
1344 1119 1629 1168 tenebantur.

300 1177 480 1228 Italiam
492 1181 603 1242 jam,
628 1181 857 1242 ipsamque
878 1181 1031 1227 urbem
1057 1181 1267 1237 Romam,
1298 1184 1450 1246 regius
1482 1190 1632 1230 terror

304 1239 496 1292 afflabat.
562 1242 722 1305 Itaque
745 1244 914 1291 Lucius
938 1245 1063 1293 Sulla
1082 1246 1276 1300 festinat,
1300 1247 1371 1294 vir
1385 1247 1521 1294 annis
1543 1263 1628 1310 op-

302 1308 468 1367 timus;
511 1310 695 1371 parique
737 1309 951 1357 violentia
989 1317 1191 1358 ruentem
1226 1311 1411 1360 ulterius
1447 1313 1629 1360 hostem

301 1369 491 1433 quadam
529 1375 659 1433 quasi
695 1389 832 1421 manu
871 1375 1057 1437 repulit:
1094 1376 1377 1438 primumque
1404 1375 1629 1433 Athenas,

301 1437 456 1485 urbem
482 1438 602 1502 (quis
625 1439 824 1487 crederet
834 1437 880 1501 ?)
913 1439 1098 1503 frugum
1129 1449 1373 1504 parentem,
1396 1441 1643 1490 obsidione*

300 1516 355 1549 ac
375 1502 496 1550 fame
525 1504 583 1550 ad
614 1504 834 1553 humanos
855 1504 979 1551 cibos
1000 1507 1229 1569 compulit.
1296 1506 1415 1553 Mox
1438 1506 1629 1555 subruto

303 1566 466 1619 Piraeei
479 1574 625 1629 portu,
652 1584 734 1616 sex
748 1584 927 1631 quoque
942 1577 989 1617 et
1004 1571 1193 1633 amplius
1211 1572 1361 1624 muris,
1384 1577 1628 1633 postquam

301 1632 537 1680 domuerat
571 1634 902 1696 ingratissimos
926 1636 1000 1699 (ut
1020 1636 1115 1696 ipse
1136 1634 1270 1691 dixit)
1296 1636 1541 1691 hominum,
1575 1636 1629 1683 in

299 1697 518 1745 honorem
540 1705 692 1746 tamen
713 1707 1005 1754 mortuorum,
1028 1700 1165 1746 sacris
1186 1700 1277 1747 suis
1298 1699 1519 1761 famaeque
1541 1700 1642 1747 doe

301 1762 440 1810 navit·
505 1761 626 1809 Mox
669 1778 770 1809 cum
810 1762 991 1811 Euboea
1032 1771 1164 1824 atque
1200 1762 1384 1811 Boeotia
1418 1764 1631 1826 praesidia

299 1826 425 1888 regis
443 1826 697 1889 depulisset,
721 1842 878 1874 omnes
893 1828 1043 1889 copias
1064 1843 1155 1874 uno
1177 1828 1292 1890 apud
1310 1826 1629 1886 Chaeroneam,

296 1890 417 1952 apud
440 1889 757 1939 Orchomenon
779 1892 933 1947 altero,
955 1892 1073 1938 bello
1094 1892 1352 1954 dissipavit3
1386 1894 1628 1955 statimque

293 1954 347 2001 in
368 1953 526 2002 Asiam
550 1964 855 2017 transgressus
875 1957 1021 2018 ipsum
1034 1957 1273 2019 opprimit3
1296 1958 1628 2007 etdebellatum

299 2018 429 2075 foret,
453 2020 538 2067 nisi
561 2021 616 2068 de
638 2019 906 2067 Mithridate
925 2021 1197 2082 triumphare
1218 2022 1321 2075 cito,
1345 2036 1477 2083 quam
1500 2037 1625 2079 vere,

299 2084 546 2132 maluisset.
608 2086 681 2131 Ac
697 2094 806 2131 tunc
827 2084 1005 2144 quidem
1028 2086 1148 2133 hunc
1170 2086 1297 2133 Asiae
1318 2094 1482 2134 statum
1498 2086 1629 2135 Sulla

185 2161 197 2168 ⁴
300 2149 512 2196 dedet-ata
551 2150 687 2206 ictum
709 2163 813 2197 cum
837 2148 1040 2197 Ponticis
1060 2149 1237 2197 soedus:
1274 2152 1440 2214 recepit
1456 2150 1627 2213 Bithy·

300 2214 421 2260 niam
457 2229 485 2260 a
512 2230 619 2276 rege
651 2212 916 2269 Nicomede,
953 2215 1008 2261 ab
1038 2215 1350 2263 Ariobarzane
1384 2212 1627 2279 Cappado-

291 2279 447 2325 ciamz
485 2292 538 2325 ac
567 2280 630 2325 sie
661 2285 758 2325 erat
777 2277 891 2325 Asia
922 2294 1077 2327 rursus
1102 2286 1271 2337 nostra,
1310 2287 1361 2327 ut
1394 2288 1622 2344 coeperat:

303 2342 591 2391 Mithridates
613 2349 786 2389 tantum
809 2344 1027 2407 repulsus.
1093 2344 1253 2406 Itaque
1282 2361 1376 2392 non
1404 2345 1543 2407 fregit
1572 2360 1628 2393 ea

303 2422 376 2454 res
409 2404 640 2463 Ponticos,
675 2408 754 2455 sed
791 2408 1003 2457 incendit.
1076 2409 1257 2472 Quippe
1286 2424 1370 2457 rex
1402 2406 1515 2457 Asia
1554 2406 1627 2473 [et

303 2468 514 2535 Europa]
537 2472 862 2533 quodammodo
883 2474 1119 2528 inescatus,
1143 2489 1233 2522 non
1247 2476 1345 2536 jam
1368 2475 1492 2536 quasi
1509 2474 1625 2522 alie·

303 2550 422 2589 nam.
457 2536 538 2582 sed
570 2538 698 2601 (qnia
727 2535 960 2598 amiserat)
1002 2539 1130 2599 quasi
1163 2545 1349 2600 raptam,
1387 2538 1493 2585 belli
1517 2540 1628 2602 jure

303 2601 545 2661 xepetebat.
618 2600 781 2664 Igitur,
817 2609 868 2649 ut
899 2604 1123 2649 exstincta
1142 2616 1301 2665 parum
1329 2602 1520 2651 fideliter
1556 2602 1633 2651 in-

301 2664 643 2731 cendiamajore
655 2664 840 2715 flamma
853 2668 1156 2727 reviviscunt5
1184 2668 1247 2715 ita
1260 2667 1337 2716 ille
1358 2667 1631 2731 deinzegro.

1819 303 1823 400 Ι
