1838 2922
241 175 305 221 96
475 166 535 217 L.
559 165 620 216 A.
643 164 852 216 FLORI
884 162 989 215 Lu.
1012 162 1101 215 lv.
1136 162 1255 216 Car.
1277 170 1323 214 2.

245 298 442 349 Caesaris
463 299 772 360 sequebantur.
838 296 1024 357 Aliquid
1040 303 1188 343 tamen
1218 297 1427 343 adversus
1457 296 1567 344 abac

245 372 394 413 entem
429 364 590 413 ducem
621 378 729 410 ausa
765 360 969 409 Fortuna
1001 368 1070 408 est
1104 365 1221 409 circa
1251 360 1482 423 Illyricum
1514 371 1563 408 et

247 424 464 483 Africam,
501 429 626 489 quasi
665 428 720 474 de
756 425 977 473 industria
1004 440 1215 487 prospera
1246 428 1342 489 ejus
1364 426 1567 473 adversis

246 494 534 541 radiarentur.
601 492 793 553 Quippe,
839 508 943 539 cum
983 490 1133 537 fauces
1171 490 1389 537 Adriatici
1426 490 1567 537 maris

237 559 356 623 jussi
393 573 611 619 occupare
633 556 870 604 Dolabella
903 564 949 603 et
984 556 1225 609 Antonius,
1262 555 1337 601 ille
1362 553 1567 616 Illyrico,

247 624 322 671 hic
360 621 589 672 Curictico
627 622 758 668 litore
793 629 939 669 castra
971 621 1253 682 posuissent3
1290 622 1388 683 jam
1424 620 1565 667 maria

247 688 340 735 late
357 694 542 735 tenente
565 684 795 748 Pompeio,
825 692 1008 747 repente
1022 686 1205 747 legatus
1226 686 1321 747 ejus
1344 684 1565 733 Octavius

247 750 365 800 Libo
407 752 666 815 ingentibus
728 751 866 811 copiis
919 750 1207 797 classicorum
1268 749 1571 797 circumvenit.

209 864 218 870 ,
249 824 501 878 utrumque.
595 814 886 863 Deditionem
928 814 1073 859 fames
1116 814 1305 860 extorsit
1348 812 1571 862 Antonio·

249 880 416 929 Missae
434 896 611 942 quoque
625 896 654 927 a
669 878 824 925 Basilo
845 880 891 925 in
914 878 1127 925 auxilium
1150 880 1245 940 eJus
1258 886 1387 933 rates,
1412 878 1573 938 quales

247 944 400 1009 inopia
420 946 603 993 navium
623 944 804 999 fecerat,
825 941 945 990 nova
968 941 1343 1004 Pompeianorum
1365 950 1461 989 arte
1484 940 1569 990 ci-

249 1011 402 1066 licum,
423 1010 534 1058 actis
555 1010 636 1057 sub
658 1024 781 1059 mare
802 1007 994 1064 funibus,
1028 1014 1169 1069 eaptae
1187 1009 1316 1067 >quasi
1336 1022 1417 1069 per
1438 1007 1571 1054 inda·

251 1077 420 1139 ginem.
500 1074 632 1121 Duas
663 1081 814 1121 tamen
857 1079 996 1119 aestus
1039 1072 1283 1133 explicuite
1327 1087 1429 1126 una,
1465 1087 1573 1133 quae¹

252 1139 544 1203 Opiterginos
563 1138 746 1192 ferebat,
767 1138 814 1183 in
831 1138 956 1184 vadis
971 1138 1115 1193 haesit,
1138 1137 1571 1197 memorandumque

251 1204 442 1267 posteris
456 1200 674 1266 [exitum]
701 1202 834 1248 dedit.
903 1201 1085 1263 Quippe
1112 1202 1192 1249 vix
1212 1202 1335 1248 mille
1348 1202 1569 1263 juvenum
1662 1238 1671 1247 .

252 1284 426 1323 manus,
449 1266 704 1313 circumfusi
721 1266 915 1327 undique
938 1266 1161 1313 exercitiis
1182 1283 1261 1329 per
1282 1273 1427 1314 totum
1450 1266 1569 1313 diem

253 1333 344 1381 tela
368 1333 604 1388 sustinuit:
643 1338 691 1379 et
724 1346 827 1379 cum
861 1332 1031 1379 exitum
1070 1332 1214 1379 virtus
1248 1347 1339 1379 non
1375 1332 1569 1387 haberet,

251 1406 416 1453 tamen,
462 1413 522 1445 ne
557 1398 606 1443 in
638 1396 909 1444 deditionem
942 1397 1131 1453 veniret,
1168 1398 1374 1446 hortante
1394 1396 1572 1443 tribuno

215 1507 226 1516 ,
254 1463 456 1520 Vulteio,
478 1463 646 1510 mutuis
669 1463 828 1510 ictibus
849 1463 896 1510 in
915 1479 965 1510 se
988 1463 1283 1510 concucurrit.
1332 1460 1389 1509 In
1412 1459 1573 1510 Africa

251 1543 430 1592 quoque
449 1544 530 1592 par
550 1536 598 1576 et
617 1529 760 1576 virtus
781 1535 828 1576 et
848 1529 1076 1576 calamitas
1100 1525 1310 1576 Curionis
1328 1526 1446 1584 fuit3
1480 1529 1573 1588 qui,

252 1593 310 1642 ad
339 1594 636 1658 recipiendam
670 1595 945 1656 provinciam
967 1594 1141 1647 misma,
1174 1592 1305 1654 pulso
1325 1591 1574 1654 fugatoque

255 1657 382 1707 Varo
406 1662 506 1723 Jam
539 1660 764 1721 superbus,
799 1659 993 1706 subitum
1015 1656 1049 1705 J
1052 1658 1149 1704 ubae
1171 1657 1290 1720 regis
1312 1657 1571 1712 adventum,

250 1725 590 1785 equitatumque
611 1723 892 1776 Maurorum,
915 1722 1135 1770 sustinere
1154 1737 1246 1768 non
1267 1721 1429 1784 potuit.
1480 1720 1573 1768 Pa.

254 1789 378 1840 tebat
413 1789 536 1836 victo
563 1787 696 1851 fuga:
734 1787 812 1835 sed
833 1787 977 1850 pudor
998 1787 1149 1841 suasit,
1182 1793 1233 1833 ut
1254 1787 1467 1833 amissum
1489 1783 1573 1834 sui

253 1853 508 1902 temeritate
535 1853 779 1900 exercitum
817 1859 964 1900 morte
1001 1859 1271 1912 sequeretur.
1354 1851 1445 1898 Sed
1472 1852 1569 1914 jam

257 1918 452 1966 debitum
473 1933 555 1979 par
563 1914 766 1964 Fortuna
785 1915 1034 1979 flagitante,
1057 1917 1208 1964 sedem
1228 1916 1345 1963 bello
1356 1915 1569 1978 Pompei-

252 1998 308 2032 us
345 1981 520 2045 Epiron
549 1982 773 2043 elegerat:
831 1997 914 2029 nec
954 1979 1109 2030 Caesar
1145 1988 1370 2028 moratura
1408 1982 1571 2044 quippe

253 2047 466 2096 ordinatis
509 2063 537 2095 a
570 2053 700 2108 tergo
737 2047 957 2102 omnibus,
1000 2047 1203 2108 quamvis
1241 2046 1383 2093 hiems
1422 2045 1574 2094 media

251 2103 516 2176 prohiberet,
537 2117 802 2172 tempestate
823 2112 879 2158 ad
902 2111 1065 2158 bellum
1095 2111 1350 2172 navigavitz
1388 2111 1569 2174 positis-

253 2192 342 2240 que
363 2178 419 2225 ad
441 2177 626 2224 Oricum
648 2177 818 2232 castris,
857 2192 961 2223 cum
990 2191 1093 2237 pars
1130 2175 1366 2231 exercitus,
1408 2176 1467 2223 ob
1498 2176 1569 2222 in·

251 2241 399 2305 qaiam
414 2243 594 2290 navium
608 2257 710 2288 cum
726 2241 931 2288 Antonio
953 2242 1117 2294 relicta,
1142 2239 1371 2287 Brundisii
1392 2255 1567 2288 moram

251 2306 433 2360 faceret,
461 2307 572 2354 adeo
597 2307 833 2368 impatiens
861 2313 969 2362 erat,
995 2313 1056 2362 ut,
1080 2305 1137 2353 ad
1158 2305 1446 2354 arcessendos
1476 2321 1569 2360 eos,

253 2370 442 2418 ardente
471 2371 618 2419 ventis
653 2371 780 2427 mari,
828 2377 963 2417 nocte
993 2368 1221 2425 concubia,
1276 2370 1576 2433 speculatorio

255 2435 440 2498 navigio
483 2436 606 2483 solus
641 2437 708 2483 ire
743 2437 997 2485 tentaverit.
1059 2434 1229 2482 Exstat
1255 2435 1313 2482 ad
1348 2435 1573 2497 trepidum

187 2506 192 2515 ’
255 2505 383 2546 tanto
411 2499 666 2548 discrimine
695 2501 1039 2563 gubernatorem
1070 2514 1163 2547 vox
1199 2500 1352 2562 ipsine,
1404 2507 1433 2530 ‘⁶
1449 2499 1577 2554 Quid

256 2565 388 2612 times
402 2563 425 2610 :³
459 2562 688 2621 Caesarem
717 2563 897 2614 vehis.”
963 2563 1221 2614 Contractis
1241 2565 1287 2611 in
1310 2579 1449 2612 unum
1474 2581 1575 2614 om-

255 2626 384 2676 nibus
419 2629 613 2691 undique
649 2629 800 2694 copiis,
839 2630 1085 2695 positisque
1112 2630 1363 2678 comminus
1398 2631 1575 2687 castris,
