1838 2922
422 162 483 212 L.
503 162 567 212 A.
587 159 798 210 FLORI
828 160 940 208 Lrs.
953 158 1054 208 111.
1085 157 1203 212 Cn.
1227 168 1308 211 20.
1465 167 1530 212 83

197 294 439 342 novissime
466 294 685 349 obsessos,
708 307 811 338 cum
832 290 966 348 fame,
987 293 1115 352 quasi
1135 291 1400 355 pestilentia,
1417 309 1529 342 con..

200 360 444 414 sumsisset,
470 359 677 419 reliquias
704 359 930 404 latronum
961 357 1248 419 compedibus
1279 365 1326 404 et
1359 362 1530 406 catenis

198 423 421 487 religavit,
442 424 735 484 crucibusque
751 422 950 484 punivit:
987 422 1160 483 fuitque
1175 423 1232 468 de
1253 424 1395 470 servis
1418 439 1528 471 ova·

198 490 323 536 tione
355 487 612 547 contentus,
645 503 703 536 ne
735 487 1001 549 dignitatem
1027 488 1242 549 triumphi
1279 489 1430 535 servili
1463 490 1534 535 in·
1605 490 1630 552 ι’

199 553 439 615 scriptione
459 553 661 600 violaret.
723 552 926 598 Vixdum
943 553 1236 614 respiraverat
1251 554 1408 607 insula,
1427 565 1531 600 cum

198 619 350 666 statim
374 616 553 681 [servi]
576 625 623 664 et
642 634 669 664 a
693 617 809 678 Syro
826 617 994 664 reditur
1015 618 1070 662 ad
1093 615 1299 665 Cilicem.
1334 618 1535 665 Athenio

196 690 362 745 pastor,
383 683 619 730 interfecto
652 683 849 736 domino,
876 681 1089 728 familiam
1123 683 1352 744 ergastulo
1371 684 1534 730 libera-

197 757 291 794 tam
313 749 395 794 sub
410 749 553 808 signis
576 748 763 794 ordinat.
815 745 936 808 Ipse,
965 753 1092 792 veste
1113 746 1344 809 purpurea,
1369 763 1532 810 argen-

198 819 361 873 teoque
381 813 554 866 baculo,
581 821 628 858 et
648 813 823 874 regium
856 811 904 858 iti
933 826 1102 858 morem
1130 811 1281 860 fronte
1311 810 1532 869 redimita,

194 892 290 924 non
310 877 545 930 minorem,
570 892 703 937 quam
720 877 795 936 ille
816 876 1036 923 fanaticus
1051 877 1185 938 prior,
1216 877 1382 924 conflat
1403 889 1534 924 exer-³

196 943 362 999 citum3
395 943 629 1002 acriusque
669 942 827 997 multo,
870 942 999 1002 quasi
1037 948 1084 988 et
1116 941 1242 988 illum
1271 943 1531 998 vindicaret,

195 1007 338 1062 vicos,
362 1007 556 1062 castella,
578 1008 739 1069 oppida
759 1007 984 1070 diripiens,
1005 1006 1053 1052 in
1070 1007 1288 1058 dominos,
1307 1008 1354 1052 in
1377 1021 1533 1054 servos

196 1070 417 1125 infestius,
442 1073 567 1133 quasi
588 1073 633 1118 in
651 1071 919 1134 transfugas,
945 1072 1170 1118 saeviebat.
1213 1072 1288 1118 Ab
1309 1073 1394 1119 hoc
1415 1085 1532 1132 quo·

196 1151 286 1198 que
317 1138 515 1198 praetorii
554 1139 775 1184 exercitus
812 1138 933 1193 caesi,
971 1143 1104 1199 capta
1149 1137 1328 1184 Servilii
1371 1143 1530 1192 castra,

194 1208 325 1264 capta
346 1199 541 1249 Luculli.
604 1203 694 1249 Sed
723 1203 948 1260 Aquilius,
972 1200 1216 1262 Perpernae
1235 1217 1344 1248 usus
1375 1216 1532 1248 exem·-

196 1266 287 1328 plo,
324 1267 615 1314 interclusum
658 1268 835 1314 hostem
876 1267 1200 1314 commeatibus
1237 1268 1294 1314 ad
1331 1273 1532 1312 extrema

197 1330 425 1392 compulit,
472 1332 854 1392 communitasque
890 1332 1040 1392 copias
1078 1333 1214 1378 armis
1240 1331 1360 1378 fame
1400 1329 1533 1377 facile

198 1395 395 1440 delevit:
436 1396 793 1457 dedidissentque
830 1411 893 1449 se,
931 1397 1017 1442 nisi
1055 1395 1369 1456 suppliciorum
1407 1402 1534 1442 metu

196 1459 499 1506 voluntariam
535 1468 728 1507 mortem
760 1459 1078 1523 praetulissent.
1144 1460 1217 1507 Ac
1249 1474 1310 1507 ne
1341 1460 1398 1507 de
1417 1460 1534 1509 duco

196 1525 378 1586 quidem
410 1524 675 1586 supplicium
707 1525 829 1588 exigi
860 1525 1024 1586 potuit,
1057 1525 1261 1584 quamvis
1293 1526 1340 1571 in
1371 1539 1532 1573 manus

138 1636 145 1645 ,
197 1589 377 1649 venerit
390 1606 411 1639 ε,
454 1590 629 1650 quippe,
666 1588 772 1634 dum
810 1590 930 1635 circa
967 1588 1384 1648 deprehendendum
1429 1604 1532 1635 eum

195 1653 439 1701 multitudo
482 1652 731 1715 contendit,
759 1653 876 1701 inter
908 1651 1149 1701 rixantium
1187 1667 1347 1701 manus
1383 1654 1533 1715 praeda

193 1718 391 1765 lacerata
410 1724 494 1765 est.
1377 1744 1382 1749 ·

714 1909 864 1961 CAP.
900 1908 1021 1994 XX.
1047 1904 1054 1913 '

598 2041 791 2091 Bellum
824 2042 1139 2102 Spartacium.

258 2166 531 2217 Emmo
546 2170 775 2217 servilium
792 2184 1018 2218 armorum
1036 2170 1228 2219 dedecus
1241 2168 1387 2217 feras:
1425 2182 1532 2215 nam

194 2240 242 2281 et
262 2234 349 2295 ipsi
368 2250 449 2297 per
480 2234 709 2282 fortunam
736 2235 785 2282 in
816 2237 968 2283 omnia
1001 2236 1197 2290 obnoxii,
1215 2239 1373 2281 tamen
1407 2234 1534 2295 qussi

192 2300 442 2347 secundum
464 2300 695 2347 hominum
717 2316 863 2363 genus
885 2309 1004 2358 sunt,
1028 2308 1076 2349 et
1106 2302 1154 2347 in
1175 2301 1300 2347 bona
1317 2298 1536 2347 libertatis

190 2372 365 2411 nostrae
384 2364 665 2426 adoptantur.
726 2364 908 2412 Bellum
939 2366 1154 2429 Spartaco
1188 2365 1302 2411 duce
1333 2362 1534 2411 concita-

194 2436 294 2475 tum
318 2443 409 2489 quo
424 2430 607 2477 nomine
633 2430 864 2491 appellem,
887 2433 1042 2478 nescio
1056 2448 1070 2476 ε
1097 2430 1262 2491 quippe
1281 2442 1386 2475 cum
1415 2426 1536 2473 servi

194 2492 497 2549 militaverint,
546 2494 813 2555 gladiatores
865 2496 1197 2557 imperaverint,
1247 2492 1312 2539 illi
1361 2490 1531 2543 infimae

195 2557 333 2604 sortis
354 2558 575 2612 homines,
598 2560 645 2605 hi
680 2555 968 2621 [pessimam]
1003 2556 1170 2607 auxere
1190 2558 1380 2605 ludibrio
1411 2556 1530 2603 cala·-

192 2622 415 2669 mitatem.
454 2654 459 2660 -
494 2624 747 2693 Spartacus,
796 2622 981 2682 Crixus,
1027 2614 1296 2677 OEnomfflus,
1316 2640 1323 2647 ·
1347 2620 1532 2671 effracto
