1838 2922
319 197 387 238 40
467 189 525 240 C.
553 189 613 238 V.
632 184 1036 248 PATERCULI
1065 186 1264 238 Lan.
1297 183 1417 238 Cn.
1439 185 1518 238 29·

314 320 483 372 mista·
465 352 485 378 ,
521 335 624 370 nam
656 314 887 383 proxi‘mus
918 326 1023 381 post
1053 334 1220 367 annum
1249 333 1383 380 quam
1415 316 1646 368 Hannssnl

314 381 449 434 Italia
480 393 757 442 excesserat3
790 386 857 434 uti
890 392 1113 447 appareat,
1149 373 1364 446 populum
1385 377 1645 430 Romanum

264 495 269 501 .
313 465 446 497 usum
476 451 703 498 dictatoris
736 450 854 496 haud
875 451 940 498 ita.
969 451 1017 496 in
1047 455 1170 496 metu
1192 447 1476 503 desiderasse,
1512 456 1562 494 ut
1597 449 1646 495 in

310 515 405 562 otio
428 515 629 564 timuisse
643 513 968 576 potestatem)
955 515 1156 576 imperio,
1173 530 1262 574 quo
1283 515 1454 575 priores
1469 512 1526 558 ad
1539 512 1642 559 vin-

313 579 545 628 dicandam
562 579 768 626 maximis
790 579 996 640 periculis
1018 579 1329 641 rempublicam
1347 579 1416 625 usi
1432 584 1572 632 erant,
1591 592 1646 626 eo

313 643 361 696 in
382 644 665 690 immodicam
686 643 960 690 crudelitatis
978 643 1206 692 licentiam
1224 659 1328 690 usus
1350 650 1432 689 est.
1467 641 1648 689 Primus

306 707 383 760 ille
407 709 478 770 (et
498 708 667 754 utinam
690 708 873 754 ultimus
888 706 926 768 !)
951 709 1204 770 exemplum
1216 707 1552 784 proscriptionis
1571 705 1644 753 in·

304 773 445 826 venit,
468 779 531 826 ut.
563 773 612 818 in
632 769 721 833 qua
736 773 917 819 civitate
947 773 1189 852 petulantis
1221 772 1412 818 convicii
1423 771 1643 833 judicium

306 836 513 883 histrioni
540 845 701 884 exacto
723 837 971 896 redditur,
958 851 1006 883 ιιι
1027 853 1082 883 ea
1095 837 1292 900 jugulati
1313 836 1425 882 civis
1446 835 1643 882 Romani

304 901 653 948 constitueretur
666 907 1081 948 auctoramentum·
1067 935 1083 958 ,
1107 901 1431 963 plurimumque
1447 888 1643 955 haberet,

306 965 383 1026 qui
404 965 621 1028 plurimos
637 966 961 1014 interemisset·
948 999 963 1023 ,
999 981 1146 1026 neque
1167 965 1304 1012 occisi
1324 965 1480 1018 hostis,
1505 978 1644 1040 quam

307 1029 433 1086 civis,
485 1032 665 1077 uberius
705 1030 822 1078 foret
874 1031 1143 1092 praemium,
1189 1029 1404 1092 fieretque
1456 1029 1646 1090 quisque

308 1107 481 1142 merces
512 1095 671 1142 mortis
704 1110 814 1142 suae.
877 1093 982 1148 Nec
1003 1101 1153 1142 tamen
1185 1095 1234 1140 in
1267 1109 1364 1152 eos,
1385 1093 1464 1154 qui
1489 1107 1649 1141 contra

305 1171 430 1207 arma
450 1159 658 1212 tulerant,
676 1159 783 1206 sed
770 1174 817 1204 m
840 1159 1008 1206 multos
1021 1160 1238 1214 insontes,
1255 1160 1479 1216 saevitum.
1543 1157 1646 1220 Ad-

298 1221 472 1282 jectum
494 1223 643 1277 etiam,
683 1231 733 1268 ut
768 1223 887 1270 bona
916 1225 1266 1285 proscriptorum
1287 1223 1529 1280 venirent·
1564 1237 1648 1269 ex·

301 1285 503 1346 clusique
552 1287 753 1363 paternis
796 1287 953 1348 opibus
991 1289 1130 1342 liberi,
1175 1289 1312 1334 etiam
1349 1287 1650 1350 petendorum

298 1349 523 1402 honorum
544 1352 651 1414 jure
682 1351 1051 1414 prohiberentur·
1033 1387 1052 1411 ,
1085 1352 1318 1412 simulque,
1343 1352 1464 1411 quod
1487 1345 1646 1416 indig-

303 1414 539 1463 nissimum
560 1422 643 1473 est,
662 1423 919 1465 senatorum
940 1415 1020 1465 filii
1042 1423 1089 1465 et
1111 1431 1248 1465 onera
1263 1417 1433 1465 ordinis
1448 1415 1650 1465 sustine-

306 1488 423 1534 rent,
447 1487 493 1527 et
505 1482 613 1543 jura
632 1482 885 1542 perderent.

365 1544 564 1592 XXIX.
606 1546 701 1593 Sub
721 1546 1006 1593 adventum
993 1562 1043 1593 ιιι
1074 1544 1251 1593 Italiam
1275 1544 1335 1593 L.
1359 1536 1516 1599 Sullae,
1559 1542 1654 1595 Cn.

301 1606 561 1671 Pompeius,
588 1612 681 1671 ejus
700 1608 789 1658 Cn.
806 1610 1012 1672 Pompeii
1027 1609 1158 1665 filius,
1181 1625 1314 1672 quem
1335 1610 1646 1673 magnificen-

299 1672 494 1721 tissimas
516 1690 587 1721 res
608 1676 655 1720 in
684 1674 919 1721 consulatu
943 1674 1140 1737 gessisse
1160 1675 1278 1721 bello
1301 1674 1508 1723 Marsico
1525 1691 1652 1737 prae·

298 1736 505 1792 diximus,
534 1737 721 1785 XXIII
741 1754 885 1785 annos
916 1745 1065 1794 natus,
1097 1740 1256 1785 abhinc
1279 1754 1422 1799 annos
1447 1736 1652 1799 CXIII,

295 1802 479 1861 privatis
500 1809 553 1849 ιιι
566 1804 723 1864 opibus
744 1803 807 1850 ita
820 1803 1018 1851 consiliis
1027 1818 1193 1865 magna
1213 1818 1361 1857 ausus,
1375 1803 1650 1867 magnifice-

302 1879 391 1925 que
412 1867 573 1915 conata
594 1875 849 1923 exsecutus,
872 1869 928 1915 ad
961 1868 1272 1915 vindicandam
1295 1869 1651 1917 restituendam-

298 1944 387 1988 que
417 1930 679 1992 dignitatem
713 1934 882 1993 patriae,
912 1931 1090 1979 firmum
1113 1948 1172 1979 ex
1193 1947 1304 1994 agro
1344 1932 1534 1987 Piceno,
1567 1934 1653 1995 qui

298 1998 423 2041 totus
436 1997 642 2070 ‘paternis
668 1992 808 2060 [ejus]
832 1997 1050 2043 clientelis
1073 1996 1263 2043 refertus
1283 2004 1394 2051 erat,
1415 1999 1655 2045 contraxit
1735 2018 1742 2025 ·

300 2059 563 2108 exercitum.
630 2057 773 2123 CuJus
810 2062 892 2107 viri
922 2062 1186 2123 magnitudo
1219 2062 1466 2108 multorum
1507 2062 1648 2111 volu·

295 2123 469 2181 minum
498 2125 642 2171 instar
674 2126 860 2185 exigit.
884 2126 964 2173 sed
986 2127 1132 2187 operis
1165 2126 1326 2173 modus
1353 2127 1511 2187 paucis
1533 2141 1648 2174 eum

296 2191 465 2237 narrari
477 2190 620 2250 jubet.
686 2188 794 2236 Fuit
809 2190 880 2235 hic
896 2192 1080 2252 genitus
1101 2196 1244 2247 matre
1254 2188 1459 2271 Lucilia,
1487 2191 1648 2255 stirpis

296 2254 548 2308 senatoriae,
565 2252 713 2300 forma
728 2254 967 2307 excellens,
991 2260 1082 2301 ιιὸιι
1101 2252 1165 2309 ea,
1191 2252 1280 2315 ςιιὲ
1301 2244 1405 2301 flos
1400 2270 1650 2319 commen}

237 2367 248 2375 ,
295 2316 425 2364 datur
458 2319 619 2372 aetatis,
647 2318 727 2365 sed
748 2334 801 2365 ea
822 2318 1040 2380 dignitate
1071 2328 1119 2365 et
1147 2318 1418 2377 constantia,
1455 2334 1564 2397 quae
1593 2320 1652 2367 in

294 2380 415 2429 illam
438 2384 711 2432 conveniens
734 2383 1068 2446 amplitudinem
1097 2382 1418 2445 fortunamque
1441 2385 1564 2461 ejus,
1583 2384 1650 2439 ad

295 2444 502 2493 ultimum
516 2448 624 2496 vitae
640 2448 851 2496 comitata
872 2457 943 2494 est
963 2448 1110 2495 diem.
1147 2447 1405 2495 innocentia
1426 2450 1651 2505 eximius,

292 2512 531 2559 sanctitate
566 2512 831 2574 praecipuus,
870 2510 1124 2573 eloquentia
1162 2514 1364 2561 medius·
1349 2548 1365 2571 ‚
1401 2512 1655 2575 potentie,

290 2585 396 2629 quae
427 2574 609 2623 honoris
631 2574 767 2623 causa
798 2577 853 2624 ad
882 2590 986 2623 eum
1018 2575 1276 2632 deferretur,
1307 2592 1401 2624 non
1427 2584 1481 2626 ut
1502 2579 1560 2625 ab
1585 2593 1652 2628 eo

287 2642 593 2709 occuparetur,
640 2640 983 2716 cupidissimus·
967 2674 984 2699 ,
1032 2641 1125 2687 dux
1167 2641 1272 2689 belli
1307 2642 1650 2704 peritissimus,

222 2705 228 2709 '
276 2696 394 2746 civis
428 2700 477 2745 in
514 2701 637 2761 toga,
676 2704 763 2751 nisi
798 2704 871 2751 ubi
905 2713 1138 2753 vereretur
1171 2720 1233 2754 ne
1269 2720 1406 2769 quem
1447 2708 1652 2758 haberet
