1838 2922
278 93 344 140 40
511 91 572 140 1..
591 92 653 141 A,
674 87 882 142 FLORI
916 89 1025 138 Ln.
1044 87 1112 139 11.
1144 85 1265 140 Cn.
1293 90 1367 138 15.

279 219 436 282 Atque
456 221 496 269 si
525 222 626 283 quis
651 223 786 269 trium
815 229 1067 284 temporum
1086 227 1317 268 momenta
1336 216 1604 274 consideret,

279 285 425 347 primo
439 287 725 334 commissum
740 287 921 339 bellum,
938 285 1223 348 profligatum
1240 283 1452 338 secundo,
1465 283 1603 330 tertio

279 364 390 398 vero
422 351 674 399 confectum
712 358 794 398 est.
861 350 953 397 Sed
988 351 1119 412 hujus
1156 363 1290 398 causa
1323 348 1441 404 belli,
1480 345 1602 409 quod

280 421 439 463 contra
449 416 630 464 foederis
641 416 791 478 legem
807 415 1023 463 adversus
1036 414 1258 461 Numidas
1268 413 1447 474 quidem
1461 411 1603 458 semel

278 477 478 541 parasset
498 481 686 528 classem
707 489 754 528 et
772 481 1035 534 exercitum,
1054 479 1266 539 frequens
1280 484 1431 524 autem
1453 475 1601 523 Masi-

279 544 418 592 nissae
448 544 560 593 fines
591 546 833 592 territabat.
897 545 989 592 Sed
1009 545 1113 590 huic
1131 543 1251 591 bono
1272 543 1483 602 socioque
1503 540 1603 603 regi

275 606 524 656 fevebatur.
587 608 706 658 Cum
727 610 894 656 bellum
916 609 1105 663 sederet,
1128 608 1185 655 de
1202 607 1307 654 belli
1326 605 1417 653 fine
1437 611 1605 652 tracta-

279 679 382 720 tum
401 680 488 721 est.
549 671 680 730 Coto,
703 675 959 736 inexpiabili
973 673 1091 728 odio,
1112 672 1345 719 delendam
1366 667 1605 718 esseCar-

277 738 525 799 thaginem,
546 743 594 785 et
613 754 716 786 cum
738 739 794 785 de
815 739 902 785 alio
917 739 1239 793 consuleretur,
1258 734 1573 799 pronuntiabat
1583 750 1603 792 ς

282 801 435 865 scipio
460 801 630 850 Nasica
657 803 934 856 servandam,
969 817 1041 856 ne,
1078 808 1201 848 metu
1239 801 1385 847 ablato
1424 798 1605 846 aemulae

279 867 418 923 urbis,
437 866 650 914 luxuriari
668 865 858 914 felicitas
884 867 1115 928 inciperet.
1179 864 1386 912 Medium
1422 869 1607 911 senatus

279 931 434 994 elegit,
456 939 509 979 ut
529 933 634 979 urbs
663 937 837 978 tantum
860 931 961 977 loco
984 937 1254 977 moveretur.
1316 928 1445 975 Nihil
1482 929 1605 976 enim

279 996 524 1058 speciosius
544 997 786 1050 videbatur,
825 1010 959 1056 quam
994 1010 1093 1042 esse
1132 993 1469 1055 Carthaginem,
1502 1007 1609 1053 quae

283 1074 378 1108 non
398 1061 644 1108 timeretur.
707 1059 870 1122 Igitur,
901 1059 1096 1107 Manilio
1122 1057 1461 1119 Censorinoque
1492 1072 1607 1104 con-

283 1124 468 1180 sulibus,
502 1125 693 1187 populus
719 1125 957 1172 Romanus
992 1139 1234 1186 aggressus
1268 1121 1609 1186 carthaginem,

284 1204 365 1266 spe
394 1189 517 1252 pacis
547 1188 726 1254 injectA,
765 1191 971 1237 traditam
994 1205 1021 1236 a
1040 1189 1294 1236 vols-tibus
1314 1188 1501 1235 classem
1524 1187 1610 1234 sub

283 1253 1124 1382 2¹1²Ysssstssssbssififfiffss‘ssffig'fss'ssnt‘
1124 1261 1301 1373 {2533
1322 1252 1611 1379 {mm

288 1381 427 1437 Quod
446 1399 530 1446 pro
551 1384 615 1430 rei
636 1385 867 1431 atrocitate
897 1386 1011 1430 adeo
1040 1384 1184 1430 movit
1212 1385 1312 1436 iras,
1336 1389 1387 1428 ut
1408 1389 1611 1429 extrema

285 1448 486 1497 mallent.
553 1446 892 1513 Comploratum
913 1449 1053 1513 igitur
1072 1447 1246 1510 publice
1266 1447 1429 1502 statim,
1452 1452 1499 1493 et
1512 1446 1613 1510 pari

283 1528 400 1562 voce
421 1514 659 1562 clamatum
683 1522 766 1570 est,
797 1522 829 1545 ‘⁶
851 1515 908 1561 sd
928 1513 1113 1571 arma;”
1150 1514 1349 1574 seditque
1370 1513 1609 1567 sententia,

289 1592 470 1640 quoquo
499 1580 636 1627 modo
673 1580 1007 1627 rebellandum:
1045 1592 1138 1625 non
1160 1578 1263 1639 quia
1285 1592 1386 1639 spes
1406 1576 1499 1623 ulls
1508 1577 1608 1639 jam

289 1651 553 1706 superesset,
577 1645 658 1692 sed
677 1644 989 1707 quiapatrism
1022 1657 1148 1689 suam
1178 1642 1366 1688 mallent
1396 1641 1610 1697 hostium,

285 1721 421 1768 quam
443 1709 550 1763 suis,
574 1711 778 1757 manibus
797 1709 955 1756 everti.
1022 1706 1115 1761 Qui
1140 1707 1447 1753 rebellantium
1473 1704 1615 1753 fuerit

285 1770 426 1827 furor,
446 1774 523 1821 vel
542 1774 646 1821 hinc
664 1774 856 1836 intelligi
887 1777 1050 1835 potest,
1079 1773 1196 1832 quod
1231 1772 1278 1818 in
1312 1786 1444 1817 usum
1476 1784 1615 1819 πονε

289 1837 445 1885 classis
487 1845 608 1887 tecta
653 1839 902 1899 domusque
942 1836 1219 1884 resciderunt
1231 1854 1248 1895 3
1293 1836 1341 1881 in
1384 1850 1613 1883 armomrn

288 1901 480 1949 officinis
500 1917 658 1950 aurum
679 1910 727 1950 et
757 1909 995 1965 argentum
1027 1917 1109 1964 pro
1142 1916 1233 1948 aere
1262 1900 1471 1961 ferroque
1502 1914 1617 1947 con-

286 1964 446 2014 flatum
473 1974 575 2025 est;
607 1968 656 2013 in
678 1974 1003 2015 tormentorum
1025 1966 1206 2013 vincula
1224 1972 1443 2012 matronae
1464 1964 1615 2011 crines

287 2046 395 2079 suos
432 2032 732 2079 contuderunt.
798 2030 1019 2077 Mancino
1056 2031 1216 2078 deinde
1253 2029 1452 2084 consule,
1490 2026 1614 2076 teer

286 2096 488 2157 marique
513 2094 715 2143 fervebat
741 2094 928 2143 obsidio.
992 2095 1155 2157 Operis
1190 2103 1346 2159 portus
1382 2095 1611 2151 nudatusg

287 2166 336 2207 et
370 2161 556 2222 primus,
589 2166 638 2206 et
671 2174 874 2221 sequens,
900 2162 999 2222 jam
1032 2168 1079 2207 et
1110 2161 1267 2207 tertius
1288 2173 1473 2218 murus;
1506 2172 1613 2205 cum

285 2231 441 2271 tamen
463 2224 615 2285 Byrsa
646 2224 790 2287 (quod
821 2240 989 2271 nomen
1025 2226 1117 2272 arci
1148 2223 1275 2285 fuit),
1310 2224 1436 2285 quasi
1473 2222 1615 2270 altera

287 2289 461 2344 civitas,
503 2288 753 2336 resistebat.
828 2288 1050 2344 Quamvis
1090 2288 1330 2352 profligato
1368 2287 1489 2335 urbis
1530 2300 1613 2334 ex-

286 2352 442 2408 uncidin,
465 2358 616 2399 tamen
637 2352 774 2401 fatale
793 2352 971 2401 Africae
1002 2369 1167 2401 nomen
1196 2353 1455 2415 Scipionum
1484 2351 1615 2399 vide-

285 2418 432 2465 batur.
493 2414 642 2479 Igitur
663 2420 709 2465 in
731 2419 869 2467 alium
893 2418 1149 2481 Scipionem
1186 2432 1419 2473 conversa,
1456 2431 1617 2479 respu-

285 2480 404 2529 blica
422 2478 558 2528 finem
579 2482 684 2531 beni
706 2485 995 2547 reposcebat.-
1044 2482 1201 2539 Hunc,
1225 2482 1371 2530 Paulo
1391 2481 1621 2530 Macedo-r

285 2544 390 2591 nico
413 2554 708 2606 procreatum,
731 2548 939 2597 Africani
958 2548 1078 2597 illius
1098 2547 1253 2611 magni
1271 2545 1391 2594 filius
1410 2546 1459 2594 in
1480 2546 1623 2593 decus
1680 2570 1691 2581 ·

285 2610 440 2673 gentis
459 2620 746 2677 numerat,
765 2614 854 2667 hoc
883 2614 1057 2676 scilicet
1079 2611 1189 2673 fato,
1214 2616 1279 2672 ut.
1300 2625 1437 2675 quarn
1458 2610 1621 2661 urbem

1698 2422 1730 2451 Ι
