1838 2922
255 118 326 163 24
502 112 565 160 L.
586 110 647 159 A.
668 107 879 159 FLORI
908 108 1018 158 Ln-
1038 108 1080 157 1.
1111 108 1230 160 Cu.
1252 114 1330 159 22.

758 383 905 433 CAP.
939 382 1084 430 XXI.

666 539 859 587 Bellum
890 538 1179 605 Volsiniense-

326 685 577 732 Poernux
613 678 871 731 Italicorum
916 683 962 728 in
1007 680 1094 729 fide
1131 678 1334 727 mansere
1373 674 1577 737 Volsinii,

256 748 581 812 opulentissimi
602 746 911 802 Etruseorum,
945 746 1231 807 implorantes
1251 756 1390 805 ‘opem
1419 745 1578 792 adver-

257 830 339 864 tus
359 828 513 861 servos
532 812 755 873 quondam
777 826 895 863 suos,
932 811 1008 869 qui
1038 809 1298 863 libertatem,
1331 824 1358 855 a
1387 808 1578 857 dominis

255 878 422 931 datam,
456 878 505 923 in
534 877 655 938 ipsos
682 880 928 927 erexerant,
963 871 1261 933 translataque
1295 873 1341 917 in
1375 888 1425 919 se
1445 889 1578 934 repu-

257 942 373 989 blica
394 942 743 989 dominabantur.
777 938 868 985 Sed
888 939 935 984 hi
956 952 1144 1001 quoque,
1167 937 1280 985 duee
1297 934 1434 991 Fabio
1453 938 1577 987 Gur·
1599 962 1606 976 ι

256 1008 368 1069 gite,
391 1021 547 1069 poenas
568 1003 799 1052 dederunt.
949 1013 954 1019 ·

748 1192 895 1243 CAP.
931 1190 1102 1249 XXII,

711 1322 791 1371 De
811 1322 1132 1371 Seditionibm.

325 1451 458 1500 Hac
492 1458 562 1500 est
594 1450 791 1501 secunda
819 1458 930 1500 aetas
957 1450 1109 1514 populi
1130 1448 1344 1508 Romani,
1377 1456 1424 1498 et
1452 1452 1580 1514 quasi

260 1517 604 1572 Adolescentia3
639 1514 727 1578 quii,
754 1517 948 1564 maxime
977 1517 1128 1571 viruit,
1160 1523 1206 1562 et
1241 1515 1430 1576 quodam
1465 1515 1579 1563 flore

201 1613 205 1620 ·
256 1582 436 1630 virtutis
464 1582 629 1629 exarsit
657 1597 709 1628 ac
738 1580 913 1629 ferbuit.
981 1579 1066 1634 Ita,
1089 1595 1192 1641 quae
1211 1581 1356 1626 inerat
1376 1581 1578 1640 quaedam

259 1647 404 1694 adhuc
432 1661 491 1694 ex
519 1647 768 1707 pastoribus
793 1646 959 1698 feritas,
993 1645 1198 1704 quiddam
1229 1645 1420 1705 spirabat
1449 1645 1577 1691 indo-

258 1711 435 1756 mitum.
499 1708 611 1756 Inde
632 1717 715 1764 est,
747 1709 867 1769 quod
888 1709 1109 1754 exercitus
1131 1706 1415 1755 Postumium
1435 1709 1578 1771 impe-‘-

256 1781 467 1826 rator-em,
498 1773 782 1826 inficiantem,
814 1787 928 1832 quas
957 1773 1220 1832 promiserat
1245 1772 1430 1834 praedas,
1461 1771 1580 1822 fact&

258 1838 309 1884 in
330 1837 485 1884 castris
506 1838 735 1892 seditione,
756 1837 994 1898 lapidavit:
1024 1837 1144 1896 quod
1165 1837 1246 1882 sub
1267 1837 1417 1898 Appio
1441 1835 1580 1886 Clau-

258 1901 337 1948 dio
366 1900 507 1947 noluit
535 1902 716 1947 vincere
744 1902 934 1955 hostem,
965 1915 1067 1948 eum
1089 1907 1264 1962 posset:
1301 1901 1432 1962 quod,
1467 1902 1581 1948 duce

261 1963 503 2019 Volerone,
545 1965 889 2012 detrectantibus
931 1965 1152 2027 plerisque
1186 1965 1400 2018 militiam,
1447 1963 1579 2013 fracti

260 2029 457 2078 consulis
470 2028 615 2076 fasces
628 2047 642 2076 t
666 2029 784 2083 inde,
803 2029 923 2089 quod
938 2029 1206 2075 clarissimos
1225 2029 1457 2092 principes,
1475 2025 1578 2076 ciam

258 2093 599 2140 adversarentur
631 2094 854 2141 voluntati
890 2108 999 2148 suae,
1032 2093 1308 2142 exsulatione
1344 2093 1578 2151 multavit}

262 2163 315 2204 ut
350 2155 637 2206 Coriolanum
677 2158 824 2205 colere
852 2173 986 2219 agros
1013 2159 1272 2218 jubentem:
1313 2171 1396 2204 nec
1431 2158 1581 2204 minus

258 2221 337 2268 ine
356 2219 562 2269 ferociter
580 2222 785 2284 injuriam
800 2223 934 2268 armis
947 2220 1228 2276 vindicasset,
1245 2221 1330 2267 nisi
1351 2221 1470 2282 quod
1480 2223 1580 2283 jam

260 2284 524 2333 inferentem
555 2287 684 2348 signa
710 2285 851 2332 filium
881 2293 1024 2332 mater
1043 2284 1232 2332 Veturia
1250 2285 1462 2346 lacrymis
1489 2286 1582 2332 auis

262 2353 533 2397 exarmavit:
574 2358 625 2397 ut
656 2351 801 2412 ipsum
838 2347 1092 2405 Camillum,
1125 2349 1246 2410 quod
1281 2349 1432 2410 inique
1463 2349 1582 2396 inter

256 2413 434 2476 plebem
462 2421 509 2460 et
536 2415 781 2463 exereitum
807 2415 1010 2461 divisisse
1030 2412 1268 2464 Veientem
1286 2413 1491 2477 praedam·
1509 2415 1579 2460 vi-

258 2477 453 2524 deretur.
520 2478 611 2526 Sed
630 2479 715 2532 hic,
750 2478 919 2530 melior,
947 2479 993 2523 in
1015 2476 1144 2538 capt&o
1168 2476 1292 2524 Urbe
1311 2477 1546 2525 consenuit
1557 2494 1575 2535 ;

256 2547 309 2586 et
342 2555 449 2588 mox
483 2542 703 2603 supplices
730 2541 787 2588 de
813 2543 942 2588 hoste
973 2541 1107 2588 Gallo
1137 2540 1391 2588 vindicavit.
1455 2537 1573 2588 Cum

258 2610 419 2654 senatu
440 2619 615 2667 quoque
635 2605 942 2656 vehementius
971 2619 1099 2676 aequo
1125 2605 1330 2666 bonoque
1358 2609 1573 2655 certatum
