1838 2922
413 80 472 132 C.
485 80 548 129 V.
571 76 975 131 PATERCULI
1008 78 1119 129 Lu.
1136 78 1177 130 1.
1212 78 1334 133 Cu.
1352 84 1435 129 10..
1523 84 1599 130 11..

243 212 306 259 dii
329 228 522 275 quoque,
544 212 790 259 fidelissimi
811 218 944 259 antea
966 210 1200 268 Romanis,
1217 218 1313 259 tum
1328 210 1460 260 dubia
1480 212 1583 268 lide,

243 279 461 339 speculati
481 270 742 332 ‘fortunam
781 278 1015 339 proniores
1048 278 1170 340 regis
1211 278 1409 339 partibus
1446 278 1585 327 fuisse

239 345 330 390 visi
349 352 482 391 sunta
521 350 568 390 et
596 358 677 389 rex
705 342 935 390 Eumenes
964 344 1009 389 in
1034 358 1091 389 eo
1112 342 1229 389 bello
1252 344 1426 389 medius
1449 341 1579 407 [fuit]

239 410 424 466 anim03
458 422 604 471 neque
639 408 788 455 fratris
832 408 982 463 initiis,
1023 423 1171 469 neque
1214 424 1310 455 suae
1354 408 1585 471 respondit

241 475 569 521 consuetudini.
649 472 696 519 T
697 488 770 519 um
808 482 990 519 senatus
1026 472 1307 535 populusque
1342 472 1581 521 Romanus

237 538 479 585 AEmilium
520 538 726 593 Paulum,
763 539 838 598 qui
877 544 925 583 et
957 548 1123 600 praetor
1152 546 1199 584 et
1228 538 1387 584 consul
1420 539 1580 585 trium·

235 606 468 665 pluaverass
503 606 651 651 virum
673 605 721 649 in
745 610 918 650 tantum
953 602 1237 658 laudandum,
1277 604 1326 649 in
1358 610 1578 664 quantum

233 667 428 731 intelligi
451 670 595 716 virtus
625 676 787 731 potest,
823 668 1054 714 consulem
1076 668 1271 725 creavit3
1304 668 1447 714 filium
1482 670 1580 731 ejus

234 732 384 789 Pauli,
407 734 482 795 qui
506 734 564 780 ad
597 732 798 789 Cannas,
821 748 955 793 quam
988 734 1338 803 tergiversanter
1357 734 1579 795 pernicio-

233 814 333 845 sam
363 799 618 862 reipublicae
651 812 852 861 pugnam
899 798 1071 854 inierat,
1111 805 1203 844 tam
1236 798 1413 845 fortiter
1448 798 1496 844 in
1526 794 1581 845 ea

233 871 430 911 mortem
476 864 662 910 obierat.
724 860 775 910 Is
813 861 987 909 Persen
1018 864 1193 925 ingenti
1236 863 1413 925 proelio,
1460 863 1578 926 apud

233 930 392 976 urbem
427 929 612 976 nomine
644 926 854 989 Pydnam
876 929 925 973 in
947 926 1232 984 Macedonia,
1255 926 1406 974 fusum
1440 924 1595 990 fuga-⁵

231 1003 421 1055 tumque
443 995 600 1042 castris
627 995 780 1051 exuit3
814 993 1061 1054 deletisque
1082 994 1179 1055 qius
1198 993 1352 1055 copiis,
1387 993 1577 1040 destitu-

231 1066 332 1106 tum
354 1061 478 1107 omni
501 1074 581 1123 spe
603 1058 756 1121 coligit
777 1074 804 1105 e
825 1056 1101 1105 Macedonia
1130 1056 1401 1120 profugere:
1440 1074 1575 1119 qnam

229 1125 310 1173 ille
345 1126 570 1185 linquens,
619 1125 680 1171 in>
711 1124 903 1170 insulam
966 1123 1318 1170 Samothraciam
1361 1123 1575 1186 perfugit,

231 1190 480 1253 templique
515 1205 564 1237 ae
587 1188 793 1251 religioni
817 1188 1063 1251 supplicem
1102 1188 1304 1235 credidit.
1370 1188 1447 1235 Ad
1470 1204 1573 1235 eum

232 1253 294 1315 C.
308 1254 530 1302 Octavius
559 1262 739 1316 praetor,
770 1254 846 1315 qui
885 1253 1017 1300 classi
1046 1261 1251 1315 praeerat,
1284 1255 1504 1315 pervenit,
1526 1261 1573 1301 et

229 1320 407 1369 ratione
439 1320 587 1382 magis
608 1334 742 1380 quarn
765 1320 814 1364 vi
833 1318 1071 1381 persuasit,
1099 1326 1150 1365 ut
1188 1334 1237 1365 se
1257 1317 1574 1365 Romanorum

225 1384 336 1433 fidei
373 1386 693 1432 committeret.
753 1381 828 1429 Ita
858 1382 1030 1429 Paulus
1060 1384 1309 1429 maximum
1347 1384 1573 1430 nobilissi-

217 1460 448 1512 'mumque
483 1465 639 1512 regem
678 1449 726 1496 in
746 1446 991 1513 „triumpho
1024 1447 1167 1495 duxit.
1232 1447 1341 1502 Quo
1378 1463 1511 1495 anno>
1526 1456 1575 1497 et

229 1513 414 1564 Octavii
433 1515 640 1580 praetoria
661 1514 847 1567 navalia,
871 1522 918 1560 et
942 1513 1108 1568 Anicii,
1131 1528 1284 1576 regem
1309 1509 1584 1574 lllyriorum‘

227 1580 454 1629 Gentium
477 1586 582 1628 ante
615 1593 796 1628 currum
829 1578 1022 1640 agentia,
1056 1577 1269 1640 triumphi
1301 1575 1428 1626 fuere
1452 1579 1573 1626 cele-

225 1647 348 1696 bres·
415 1645 568 1702 Quam
604 1645 664 1692 sit
700 1643 878 1691 assidua
907 1643 1147 1689 eminentis
1182 1641 1380 1691 fortunae
1416 1657 1571 1692 comes

227 1711 414 1768 invidia,
435 1711 752 1772 altissimisque
773 1708 1013 1764 adhaereat,
1038 1709 1174 1756 etiam
1196 1707 1284 1754 hoc
1304 1707 1457 1772 colligi
1486 1725 1573 1773 po-

225 1780 333 1832 test,
356 1776 491 1838 quod,
521 1791 625 1823 cum
659 1773 813 1822 Anicii
845 1772 1115 1834 octaviique
1136 1773 1410 1836 triumphum
1436 1789 1572 1826 nemo

222 1841 544 1904 interpellaret,
573 1838 718 1898 fuere,
741 1839 818 1901 qui
842 1837 975 1886 Pauli
994 1838 1210 1902 impedire
1230 1840 1566 1889 obniterenturz

213 1909 363 1970 ‘cujus
389 1913 564 1953 tantum
585 1907 757 1968 priores
777 1904 987 1960 excessit,
1023 1905 1097 1951 vel
1117 1905 1428 1966 magnitudine
1448 1907 1571 1970 regia

223 1971 400 2027 Persei,
420 1972 495 2018 vel
516 1972 665 2032 specie
696 1969 1051 2024 simulacrorum,
1086 1969 1163 2016 vel
1182 1970 1319 2018 modo
1341 1968 1570 2033 'pecuniae,

219 2045 274 2086 ut
298 2037 368 2084 bis
389 2036 552 2083 millies
571 2035 742 2082 centies
764 2033 854 2082 Hs
872 2036 1031 2082 aerario
1052 2034 1305 2088 contulerit,
1332 2033 1429 2100 [ut]
1464 2051 1564 2083 om-

219 2104 348 2150 nium
387 2109 493 2150 ante
523 2109 726 2148 actorum
756 2100 1137 2163 comparationem
1171 2099 1463 2163 amplitudine
1484 2102 1563 2147 vi-

213 2169 344 2216 cerit.
713 2177 720 2184 ‘
1110 2169 1115 2176 '
1556 2177 1563 2182 “

191 2240 208 2249 ‘
283 2231 352 2282 X.
386 2230 479 2281 Per
498 2232 617 2279 idem
639 2240 830 2294 tempus,
871 2246 977 2280 curn
1006 2229 1262 2278 Antiochus
1282 2227 1561 2293 Epiphanes,

249 2299 295 2348 ui
317 2299 516 2347 Athenis
548 2297 839 2360 Olympieum
870 2296 1114 2350 inchoavit,
1146 2303 1245 2342 turn
1276 2309 1358 2342 rex
1395 2291 1569 2355 Syriae?

307 2364 520 2410 lemaeum
553 2377 742 2424 puerum
780 2361 1072 2409 Alexandriae
1104 2360 1327 2407 obsideret
1339 2377 1355 2418 ς
1384 2360 1555 2436 {niseus

211 2438 285 2478 ent
317 2429 374 2476 ad
396 2443 500 2475 eum
532 2429 712 2490 legatus
744 2425 818 2473 M.
833 2425 1039 2489 Popilius
1060 2424 1241 2480 Laenas,
1274 2426 1352 2487 qui
1376 2425 1557 2488 Juberet

209 2497 398 2557 incepto
418 2493 649 2540 desistere.
715 2491 1026 2552 Mandataque
1040 2491 1280 2552 exposuit3
1314 2497 1362 2538 et
1384 2505 1558 2552 regem,

209 2559 562 2611 deliberaturum
607 2573 657 2604 se
680 2557 939 2612 dicentem,
976 2555 1339 2619 circumscripsit.
1360 2553 1557 2618 {vir-gulfi,

197 2625 432 2691 jussitque
452 2624 577 2688 prius
599 2637 863 2692 responsum
886 2621 1084 2677 reddere,
1102 2635 1237 2682 quam
1268 2617 1571 2686 egrederetur·
