1838 2922
281 135 350 184 42
531 129 592 182 Ia.
612 132 674 181 A.
693 129 906 182 FLORI
940 129 1049 181 Ln-
1069 129 1143 182 11.
1172 131 1294 186 Cn.
1314 135 1371 181 8.

283 275 478 324 querens
513 262 728 310 adversus
765 261 1045 310 Macedonas
1084 262 1257 310 militiae
1288 277 1385 311 ωε
1414 261 1611 313 societa-

281 333 378 375 tem
390 343 406 384 ς
439 327 544 374 hinc
567 326 810 380 Hannibal,
841 327 917 387 qui
945 328 993 373 in
1016 325 1172 374 Africa
1191 328 1351 382 victus,
1374 327 1613 392 profugus,

283 398 332 440 et
350 392 472 454 pacis
491 391 744 454 impatiens,
767 392 942 438 hostem
964 391 1129 453 populo
1150 391 1361 439 Romano
1381 399 1479 440 toto
1500 394 1613 442 orbe

285 457 528 518 quaerebat.
599 455 666 503 Et
701 457 820 517 quod
856 456 968 502 illud
1002 454 1162 504 fuisset
1192 457 1450 518 periculum,
1488 458 1526 503 si
1557 473 1611 506 se

285 521 484 568 consiliis
504 522 601 583 ejus
623 535 703 567 rex
727 519 993 574 tradidisset,
1028 520 1073 566 id
1108 527 1191 576 est,
1228 521 1263 567 si
1287 522 1415 570 Asiae
1438 521 1612 571 viribus

287 599 396 633 usus
416 585 576 632 fuisset
597 585 732 633 miser
755 584 987 632 Hannibal
1000 584 1023 628 ἰ’
1090 585 1179 632 Sed
1205 599 1298 639 rex,
1330 587 1421 634 suis
1450 587 1613 648 opibus

286 656 336 697 et
357 650 540 697 nomine
561 651 686 713 regio
706 650 862 705 fretus,
885 651 994 697 satis
1027 650 1178 697 habuit
1210 650 1377 697 bellum
1408 665 1609 700 movere.

283 712 475 777 Europa
485 716 600 777 jam,
625 715 756 762 dubio
775 715 946 776 procul,
961 717 1067 775 jure
1086 716 1141 762 ad
1158 714 1393 762 Romanos
1414 715 1613 778 pertine-

275 778 390 828 ·batz
427 780 502 826 hic
523 778 859 841 Lysimachiam
883 780 1051 834 urbem,
1072 780 1121 826 in
1140 779 1273 828 litore
1300 779 1495 829 TMacio
1523 795 1615 842 po-

281 843 418 892 sitam
455 859 484 891 a
519 845 760 909 majoribus
797 845 902 898 suis,
940 845 1206 901 Antiochus,
1242 852 1297 891 ut
1328 845 1613 894 haereditatio

276 909 396 974 jure,
419 911 703 972 reposcebat=
741 911 828 957 hoc
849 909 976 956 velut
996 910 1141 957 sidere
1156 910 1345 957 Asiatici
1360 909 1465 958 belli
1484 917 1613 959 mota

282 980 544 1036 tempestas.
613 975 680 1023 Et
701 975 923 1022 maximus
954 989 1126 1036 regum,
1162 981 1401 1022 contentus
1434 973 1613 1023 sortiter

282 1037 500 1087 indixisse
519 1039 699 1095 bellum,
717 1055 820 1086 cum
841 1040 1015 1100 ingenti
1032 1039 1218 1101 strepitu
1232 1054 1285 1087 ac
1298 1039 1493 1087 tumultu
1510 1053 1613 1087 mo·

283 1103 428 1150 visset
448 1117 508 1150 ex
530 1101 654 1160 Asis,
691 1104 918 1166 occupatis
948 1105 1099 1150 statim
1132 1105 1302 1160 insulis,
1325 1105 1613 1165 Graeciaeque

280 1166 500 1222 litoribus,
523 1169 616 1216 otia
629 1175 676 1216 et
695 1169 830 1215 luxus
844 1177 1071 1230 tamquam
1087 1169 1232 1216 victor
1246 1169 1456 1232 agitabat.
1510 1168 1615 1217 Eu-

183 1225 200 1234 *
283 1230 434 1279 boeam
461 1233 668 1287 insulam,
702 1233 952 1280 continenti
985 1234 1300 1290 adhaerentem,
1334 1234 1459 1281 tenui
1490 1233 1611 1282 freto

283 1297 660 1358 reciprocantibus
681 1298 820 1358 aquis,
843 1296 1043 1360 Euripus
1058 1299 1255 1346 abscidit.
1312 1296 1407 1345 Hic
1426 1299 1503 1346 ille
1522 1314 1609 1361 po·

281 1359 382 1408 sitis
403 1362 550 1410 aureis
579 1363 818 1422 sericisque
851 1364 1069 1418 tentoriis,
1104 1365 1187 1411 suh
1218 1363 1316 1425 ipso
1344 1362 1449 1411 freti
1482 1378 1608 1411 mur-

285 1439 432 1485 mure,
455 1442 557 1475 cum
581 1427 699 1476 inter
729 1425 898 1476 fluenta
919 1428 1037 1475 tibiis
1061 1427 1308 1491 fidibusque
1335 1429 1609 1485 concineret,

283 1490 460 1539 collatis
482 1493 690 1555 undique,
711 1493 917 1554 quamvis
938 1508 1018 1556 per
1037 1493 1249 1552 hiemem,
1271 1496 1397 1550 rosis,
1428 1508 1487 1541 ne
1515 1509 1609 1542 non

283 1555 436 1619 aliquo
447 1558 606 1605 ducem
623 1573 791 1621 genere
805 1573 942 1620 agere
954 1558 1191 1615 videretur,
1205 1560 1431 1620 virginum
1443 1574 1610 1619 puero-

285 1635 479 1682 rumque
505 1622 706 1670 delectus
738 1623 940 1670 habebat.
1006 1621 1165 1669 Talem
1192 1636 1303 1683 ergo
1324 1636 1492 1682 regem,
1507 1624 1609 1684 jam

284 1683 373 1733 sua
408 1685 584 1734 luxuria
617 1688 898 1742 debellatum,
945 1686 1135 1749 populus
1169 1684 1420 1741 Romanus,
1456 1686 1611 1737 Acilio

287 1749 535 1799 Glabrione
554 1753 752 1807 consule,
792 1752 840 1799 in
871 1748 1020 1797 insula
1044 1764 1301 1811 aggressus,
1336 1749 1433 1811 ipso
1454 1752 1609 1799 statim

285 1813 508 1863 adventus
529 1818 598 1864 sui
621 1818 778 1864 nuntio
804 1815 956 1877 coegit
986 1815 1041 1861 ab
1072 1811 1219 1859 insula
1244 1813 1417 1877 fugere.
1481 1814 1611 1865 Tum·

282 1880 560 1942 praeeipitem
583 1883 700 1943 apud
720 1878 1050 1940 Thermopylas
1074 1884 1317 1933 assecutus,
1340 1879 1490 1927 locum
1512 1887 1607 1930 tre-

283 1950 520 1993 centorum
541 1944 780 1994 Laconum
802 1941 1003 2007 speciosi
1022 1942 1147 1990 caede
1167 1945 1520 2001 memorandum,
1550 1960 1613 1995 ne

275 2006 346 2056 ibi
367 2008 546 2071 quidem
577 2008 740 2059 fiduci&⁴
758 2010 844 2056 loci
865 2008 1161 2062 resistentem,
1186 2009 1298 2056 mari
1320 2026 1372 2057 ac
1392 2008 1513 2058 tertii.
1532 2026 1611 2059 ce-

284 2072 394 2121 dere
423 2076 586 2137 coagit.
655 2075 816 2122 Statim
853 2080 900 2119 et
934 2088 961 2119 e
988 2074 1185 2135 vestigio
1216 2074 1308 2121 itur
1338 2076 1387 2121 in
1414 2075 1611 2137 Syriam.

285 2135 462 2187 Classis
483 2140 609 2202 regia
638 2137 934 2199 Polyxenidae
968 2136 1301 2201 Hannibalique
1336 2140 1603 2189 commissae

284 2216 393 2251 nam
409 2220 491 2251 rex
509 2204 718 2265 proelium
739 2218 824 2250 nec
845 2208 1046 2265 spectare
1063 2212 1253 2266 poterat„
1316 2204 1477 2268 Igitur,
1496 2206 1610 2253 duce

285 2266 480 2317 AEmilio
501 2268 699 2331 Regillo,
721 2268 1095 2331 adremigantibus
1117 2268 1321 2327 Rhodiis,
1356 2276 1455 2318 tota
1490 2271 1610 2319 lace-

282 2338 428 2382 ratur.
491 2331 570 2381 Ne
588 2333 673 2381 sibi
699 2333 902 2395 placeant
924 2333 1149 2383 Athenae!
1187 2336 1235 2381 in
1258 2336 1501 2391 Antiocho,
1534 2336 1607 2382 vi-

283 2398 432 2447 cimus
454 2395 686 2456 Xerxem3
719 2399 768 2444 in
789 2398 993 2457 AEmilio,
1022 2398 1377 2448 Themistoclem
1408 2400 1607 2461 aequavi-

281 2476 412 2519 πως
437 2458 671 2525 [Ephesiis
707 2463 1239 2528 Salaminap'ensavimus.
1270 2464 1406 2519 Tum,
1422 2465 1607 2513 consule

283 2525 517 2589 Scipione,
549 2529 644 2593 (cui
695 2537 826 2587 rater,
858 2530 937 2577 ille
966 2530 1102 2578 modo
1132 2530 1278 2577 victor
1300 2526 1609 2591 Carthaginis,

191 2628 196 2635 .
277 2588 546 2650 Africanus,
565 2594 819 2644 voluntaria
838 2596 1065 2658 legatione
1084 2593 1258 2655 aderat)
1294 2592 1501 2641 debellari
1532 2610 1607 2645 rev

283 2656 583 2725 gemplsscen
621 2660 1255 2731 etJamtotocesseratmariz
1290 2657 1608 2709 sednosimus
