1838 2922
382 141 468 202 ,Q
479 143 543 192 V.
558 141 958 196 PATERCULI
991 143 1098 192 Lu.
1119 142 1188 193 11.
1224 141 1438 192 Caum.
1524 145 1584 190 81

258 271 641 334 defluentibusque
672 273 931 335 reipublicae
951 274 1176 328 membris,
1199 283 1302 333 quae
1329 279 1424 320 tam
1449 272 1595 334 longa

258 351 483 386 atmomm
528 339 663 384 serien
706 339 993 391 laceraverat,
1039 337 1285 391 Dalmatia,
1336 337 1496 398 viginti
1541 343 1592 382 et

260 401 477 450 ducentos
514 399 703 468 [annos]
742 403 930 457 rebellis,
967 403 1026 450 ad
1061 410 1228 450 certam
1263 400 1595 448 confessionem

258 475 415 528 pacata
430 474 500 514 est
520 467 709 529 imperii.
745 468 900 529 Alpes,
925 467 1032 514 feris
1053 467 1322 526 incultisque
1342 465 1598 512 nationibus

260 530 473 585 celebres,
510 533 785 593 perdomitae.
852 531 1103 592 Hispaniae,
1144 547 1265 579 nunc
1299 530 1440 592 ipsius
1476 544 1600 591 μω·-

262 593 419 650 nentia,
454 611 575 644 nunc
598 598 830 659 Agrippae,
870 597 1027 659 (quem
1050 612 1192 656 usque
1211 597 1256 642 in
1279 596 1462 642 tertium
1485 609 1597 642 con-

262 659 471 716 sulatum,
494 669 541 708 et
560 677 669 708 mox
690 662 936 723 collegium
959 661 1206 708 tribuniciae
1217 662 1466 723 potestatis,
1483 660 1596 705 ami·-

263 724 368 775 citia
400 726 614 786 principis
647 724 881 785 evexerat)
914 727 1060 772 multo
1089 727 1302 785 varioque
1329 724 1485 771 Marte
1511 738 1594 785 pa-

260 795 390 836 catae.
458 788 515 836 In
550 806 661 852 quas
693 791 947 852 provincias
981 806 1084 836 cum
1123 791 1266 844 initio,
1305 789 1518 850 Scipione
1550 795 1602 836 et

263 851 531 916 Sempronio
566 855 735 917 Longo
766 855 1038 908 consulibus,
1077 856 1222 916 primo
1257 869 1378 902 anno
1411 853 1598 901 secundi

261 913 411 980 [belli]
438 917 613 973 Punici,
638 921 797 966 abhinc
812 935 956 967 annos
981 918 1128 972 CCL,
1153 919 1352 966 Romani
1374 917 1602 969 exercitus

262 982 391 1030 missi
412 991 577 1040 essent,
602 985 716 1033 duce
740 984 828 1033 Cn.
848 985 1062 1047 Scipione
1081 983 1286 1034 Africani
1310 991 1498 1045 patrum
1521 997 1603 1044 per
1672 995 1678 1000 ’
1727 1023 1735 1038 ,

260 1061 407 1097 tanos
438 1047 525 1098 CC
554 1049 602 1096 in
634 1050 702 1098 his
736 1051 883 1097 multo
916 1057 1164 1110 mutuoque
1191 1049 1254 1096 ita
1283 1054 1501 1096 certatum
1531 1054 1606 1096 est

260 1113 496 1174 sanguine,
532 1121 599 1168 ut,
632 1115 809 1164 amissis
842 1115 996 1178 populi
1025 1113 1222 1162 Romani
1259 1111 1600 1174 imperatoribus

258 1177 629 1240 exercitibusque,
674 1195 797 1242 saepe
834 1180 1119 1235 contumelia,
1161 1177 1346 1243 [etiam]
1387 1191 1602 1224 nonnun-

258 1256 395 1304 quam
426 1244 671 1304 periculum
700 1245 918 1292 Romano
953 1245 1192 1292 inferretur
1225 1243 1428 1305 imperio.
1493 1239 1600 1292 111oe

260 1307 381 1352 enim
417 1309 663 1368 provinciae
692 1309 930 1370 Scipiones
959 1316 1331 1356 consumseruntz
1367 1307 1460 1359 illae
1487 1321 1602 1354 con-

258 1371 499 1418 tumelioso
535 1371 587 1418 X
620 1387 842 1420 annorum
874 1373 992 1419 bello
1027 1374 1110 1420 sub
1139 1374 1252 1420 duce
1274 1372 1482 1418 Viriatho
1504 1386 1603 1420 ma-

252 1435 379 1497 jores
418 1441 597 1481 nostros
635 1443 960 1484 exercuerunt:
997 1437 1088 1483 illae
1126 1445 1298 1484 terrore
1331 1434 1604 1486 Numantini

260 1500 363 1554 belli
384 1500 599 1561 populum
622 1500 881 1547 Romanum
899 1509 1240 1549 concusserunt.
1285 1499 1344 1547 In
1365 1500 1455 1549 iuis
1470 1508 1602 1562 turpe

262 1564 545 1626 apompeii
560 1563 723 1619 foedus,
749 1566 1012 1627 turpiusque
1027 1565 1250 1619 Mancini,
1277 1573 1476 1621 senatus,
1499 1578 1604 1613 cum

261 1627 514 1693 ignominia
548 1630 683 1676 dediti
713 1630 1010 1691 imperatoria,
1046 1630 1252 1677 rescidit:
1289 1629 1370 1677 illa
1393 1636 1464 1676 tot
1487 1644 1604 1681 con-

260 1695 447 1750 aularea,
495 1702 564 1742 tot
600 1696 837 1757 praetorios
874 1694 1090 1741 absumsit
1127 1694 1294 1750 duces;
1337 1700 1604 1755 patrumun

264 1768 413 1815 etate,
447 1764 495 1806 in
540 1768 715 1807 tantum
762 1759 1010 1805 Sertorium
1055 1759 1192 1807 armis
1223 1756 1400 1812 extulit,
1435 1765 1487 1805 ut
1521 1768 1605 1821 per

267 1825 621 1885 quinquennium
648 1824 877 1888 dijudicari
902 1838 994 1870 non
1015 1824 1225 1886 potuerit.¹
1262 1822 1484 1884 Hispania
1503 1822 1605 1873 Ro-
1673 1866 1680 1871 .

265 1890 469 1937 manisne
490 1890 536 1934 in
558 1891 695 1936 armis
715 1890 816 1951 plus
836 1898 958 1936 esset
979 1890 1164 1943 roboris,
1197 1899 1247 1935 et
1281 1896 1382 1937 uter
1413 1888 1606 1951 populu·

262 1954 393 2005 alteri
410 1954 635 2015 pariturus
649 1954 781 2002 foret.
846 1953 950 2001 Has
971 1955 1110 2017 igitur
1131 1953 1386 2015 provincias
1401 1962 1494 2001 tam
1517 1952 1604 2003 dif-

176 2060 183 2065 .
262 2017 402 2073 sileas,
440 2026 529 2065 tam
550 2018 821 2080 frequentes,
857 2028 950 2067 tam
973 2020 1106 2073 feras,
1131 2019 1188 2066 ad
1209 2034 1308 2065 eam
1329 2034 1502 2080 paoem,
1527 2019 1606 2067 ab·

263 2084 371 2133 hinc
392 2098 536 2131 annos
565 2084 707 2131 ferme
728 2084 787 2139 L,
822 2085 1032 2146 perduxit
1055 2082 1214 2137 Caesar
1242 2084 1500 2145 Augustus.
1535 2091 1602 2139 ut,

266 2162 369 2209 quae
390 2149 597 2195 maximin
624 2149 753 2197 bellis
774 2165 1002 2210 nunquam
1032 2156 1316 2201 vacaverant,
1353 2163 1422 2195 eae
1437 2148 1524 2197 sub
1546 2146 1606 2197 C.

266 2212 485 2267 Antistio,
510 2228 562 2259 ac
584 2213 745 2261 deinde
768 2213 823 2262 P.
840 2214 952 2261 Silio
973 2214 1126 2276 legato
1147 2214 1412 2273 caeterisque
1431 2219 1604 2275 postea.

266 2276 403 2327 etiam
426 2278 671 2325 latrociniis
691 2286 916 2327 vacarent.

278 2382 285 2391 .
333 2338 471 2389 XCI.
502 2340 631 2389 Dum
654 2352 839 2404 pacatur
860 2343 1100 2397 Occidens,
1136 2344 1191 2389 ab
1213 2342 1404 2390 Oriente
1423 2356 1476 2391 ac
1498 2357 1608 2404 rege

267 2406 540 2455 Parthorum
584 2407 717 2468 signa
760 2408 984 2463 Romana,
1032 2423 1135 2468 quae
1180 2406 1350 2459 Crasso
1393 2422 1607 2469 oppresso

270 2470 461 2525 Orodes,
482 2487 584 2531 quae
608 2473 811 2519 Antonio
832 2473 962 2535 pulso
983 2470 1100 2519 filius
1121 2474 1218 2534 eJus
1243 2472 1504 2527 Phrahates,
1529 2487 1605 2519 ce·

266 2544 440 2599 perant.
466 2536 683 2596 Augusto
705 2539 891 2584 remissa
913 2544 1032 2583 sunt.
1099 2536 1240 2591 Quod
1261 2552 1519 2599 cognomen
1538 2536 1606 2585 illi

267 2600 383 2659 viro,
408 2600 563 2646 Planci
586 2602 825 2657 sententia,
848 2616 1096 2649 consensus
1111 2602 1307 2649 universi
1324 2602 1508 2649 senatos
1523 2616 1606 2663 po·

270 2663 453 2727 pulique
474 2663 673 2713 Romani
699 2666 873 2713 indidit.
939 2665 1088 2713 Erant
1108 2673 1273 2719 tamen,
1295 2667 1373 2727 qui
1395 2668 1516 2716 hunc
1535 2665 1608 2713 se·

266 2728 535 2782 licissimum
554 2736 725 2779 statum
748 2731 964 2781 odissent.
1030 2730 1211 2795 Qnippe
1233 2730 1294 2781 L.
1311 2732 1540 2789 Muraena,
1561 2737 1611 2785 et
