1838 2922
292 107 387 151 116
514 75 659 150 LA}
682 98 892 150 ηοω
925 99 1146 150 anm
1179 98 1300 151 eu.
1324 103 1400 151 ιε.

282 231 407 280 Aliis
426 230 596 286 oculos,
614 229 713 278 aliis
732 245 907 287 manus,
930 231 1242 294 amputabant:
1281 227 1442 294 [unius
1453 243 1515 278 ·os
1535 245 1620 278 sm

286 295 427 360 turm]
450 293 595 343 recisa
613 297 737 358 prius
756 295 928 358 linguai.
953 311 1086 358 quam
1107 298 1156 343 in
1177 311 1314 344 manu
1330 301 1492 342 tenens
1507 295 1618 350 ,bar-

286 363 433 416 barus.
466 367 496 390 ‘⁸
512 359 769 416 Tandem,”
792 361 950 422 inquit,
975 368 1007 391 ‘⁸
1022 362 1184 424 vipera,
1208 361 1384 408 sibilare
1397 357 1618 406 desiste-'⁸

281 423 439 488 Ipsius
459 439 639 487 quoque
669 426 865 475 consulis
886 441 1063 492 corpus,
1097 427 1216 486 quod
1247 425 1440 472 militum
1471 424 1618 486 pietas

282 491 413 538 humi
450 491 690 544 abdiderat,
736 489 966 538 effossum.
1031 491 1175 553 Signa
1210 498 1258 536 et
1293 488 1465 550 aquilas
1503 488 1646 550 duas,

286 556 431 602 adhuc
451 554 621 601 barbari
639 554 896 616 possident:
925 556 1102 602 tertiam
1125 554 1314 618 signifer
1322 554 1460 616 prius,
1476 567 1614 614 quam

284 621 333 668 in
355 634 516 666 manus
538 620 734 666 hostium
752 621 940 674 veniret,
959 621 1160 677 evulsit;
1193 631 1476 679 mersamque
1495 618 1618 666 intra

279 683 417 732 baltei
440 684 509 730 sui
528 683 721 731 latebras
735 700 915 747 gerens,
934 687 982 732 in
999 682 1184 732 cruenta
1204 683 1366 746 palude
1386 683 1451 730 sic
1463 681 1618 731 latuit.

286 747 394 796 Hac
410 748 537 796 clade
546 747 733 804 factum,
754 757 805 796 ut
824 751 1078 813 imperium,
1096 750 1217 812 quod
1231 749 1277 794 in
1292 747 1426 795 litore
1441 745 1618 798 Oceani

284 827 379 860 non
402 819 600 868 steterat,
637 814 685 860 in
717 814 816 876 ripa
852 814 1005 862 Rheni
1043 813 1242 862 fluminis
1272 819 1425 860 staret.
1489 811 1618 860 Haee

284 879 344 926 ad
386 877 781 940 Septemtrionem.
854 879 950 928 Sub
992 878 1250 926 Meridiano
1292 877 1616 925 tumultuatum

284 943 433 1006 magis
453 959 587 1005 quam
607 944 821 990 bellatum
844 953 930 992 est.
1008 943 1298 992 Musulanios
1328 949 1462 1003 atque
1499 942 1616 990 Gae-

285 1008 421 1062 tulos,
463 1008 638 1055 accolas
674 1008 893 1069 Syrtium,
941 1006 1090 1057 Cosso
1129 1009 1259 1064 duce,
1301 1006 1608 1069 compescuit:

280 1072 405 1118 unde
441 1072 507 1118 ilii
552 1073 767 1120 Gaetulici
798 1088 982 1121 nomen.
1047 1073 1209 1120 Latius
1246 1073 1435 1120 victoria

281 1135 588 1186 Marmaridas
614 1145 747 1197 atque
782 1137 1084 1185 Garamantas
1119 1135 1307 1185 Curinio
1340 1137 1618 1198 subigendos

284 1201 424 1248 dedit.
488 1200 649 1247 Potuit
690 1207 738 1247 et
778 1201 855 1248 ille
888 1203 1034 1250 redire
1087 1199 1506 1256 “Marmaricus,’'·
1534 1201 1617 1248 sed

282 1265 527 1312 modestior
547 1266 595 1311 in
616 1266 882 1313 aestimanda
902 1267 1093 1315 victoria
1110 1267 1211 1315 fuit.
1245 1304 1260 1314 .
1274 1267 1350 1313 Ad
1371 1266 1614 1314 Orientem

281 1329 384 1394 plus
400 1331 571 1392 negotii
586 1345 691 1378 cum
714 1331 976 1380 Armeniisz
1015 1334 1104 1378 buc
1125 1333 1314 1379 alterum
1337 1346 1396 1378 ex
1413 1328 1617 1379 Caesari-

281 1395 379 1450 bus,
402 1395 637 1458 nepotibus
658 1397 765 1451 suis,
793 1397 930 1460 misit.
997 1396 1149 1444 Ambo
1179 1397 1274 1445 fsto
1307 1397 1494 1443 breves:
1535 1396 1618 1448 sed
1651 1407 1656 1418 ·

280 1461 395 1509 aiter
416 1461 648 1524 inglorius.
715 1461 939 1511 Massiliae
959 1464 1121 1525 quippe
1150 1461 1322 1510 Lucius
1337 1463 1496 1509 morbo
1519 1460 1614 1508 sol-

280 1528 429 1575 vitur:
468 1528 515 1573 in
556 1526 689 1589 syria
719 1527 857 1577 Caius
886 1543 948 1576 ex
971 1530 1170 1583 vulnere,
1207 1542 1310 1575 cum
1343 1527 1614 1574 Armeniam

274 1592 338 1640 ad
378 1591 572 1640 Parthos
615 1608 665 1639 se
706 1594 1039 1641 subtrahentem
1083 1594 1254 1655 recipit.
1351 1591 1617 1648 Armenios,

275 1657 404 1709 ,victo
426 1672 535 1719 rege
566 1656 786 1719 Tigrane,
831 1659 876 1704 in
908 1659 994 1705 hoc
1030 1673 1169 1705 unum
1200 1657 1430 1705 servitutis
1463 1672 1618 1719 genus

282 1720 529 1783 Pompeius
548 1731 821 1778 assueverat,
856 1731 907 1770 ut
929 1728 1125 1770 rectores
1145 1738 1172 1769 a
1193 1723 1321 1769 nobis
1342 1723 1621 1784 acciperent.

274 1784 600 1845 ‚Intermissum
638 1802 749 1851 ergo
776 1789 857 1849 jus
889 1803 972 1849 per
1005 1788 1127 1833 bunc
1153 1795 1479 1850 recuperatum,
1520 1801 1617 1835 non

280 1850 534 1906 incruento,
586 1866 671 1898 nee
690 1852 858 1900 ‘inulto
901 1860 1066 1907 tamen,
1102 1854 1360 1899 certamine.
1428 1850 1617 1914 Quippe

279 1914 507 1970 Domnes,
552 1931 685 1978 quem
715 1930 796 1963 rex
826 1917 1060 1964 Artaxatis
1087 1917 1364 1980 praefecerat,
1401 1915 1618 1965 simulata

279 1980 545 2043 proditione,
592 1980 775 2027 adortum
806 1982 954 2028 virum
987 1983 1211 2030 intentum
1247 1981 1412 2037 libello,
1459 1996 1616 2043 quem,

282 2052 335 2092 ut
368 2046 677 2093 thesaurorum
713 2047 909 2093 rationes
931 2048 1249 2103 continentem,
1282 2047 1378 2109 ipse
1398 2061 1619 2109 porrexe-

270 2110 966 2237 &zte‘rz‘ssiztbssusffffiffittz
991 2110 1386 2225 Ξῖὲᾚέἑῗοῑῖἶ
1415 2119 1615 2238 3332ss

228 2272 233 2275 -
282 2254 373 2294 sus,
412 2240 577 2302 gladio,
612 2248 658 2287 et
688 2240 814 2302 pyra,
850 2242 897 2288 in
918 2254 1386 2305 quam,se·percussus
1406 2241 1616 2297 immisit,

282 2305 511 2365 superstiti
531 2306 773 2353 etiamnum
804 2303 981 2354 Caesari
1001 2306 1230 2353 satisfecit.
1295 2306 1390 2353 Sub
1429 2305 1618 2353 Occasu

276 2376 439 2429 pacata
456 2369 551 2417 fere
572 2370 721 2417 omnis
742 2370 983 2433 Hispania,
1021 2372 1108 2418 nisi
1136 2386 1270 2431 quarn
1293 2369 1508 2431 Pyrenei
1531 2370 1621 2418 de·

276 2432 486 2481 sinentis.
501 2434 697 2496 scopulis
723 2435 1020 2483 inbaerentem
1051 2436 1231 2483 citerior
1257 2434 1454 2482 alluebat
1481 2433 1615 2483 Oee-

282 2508 411 2542 anus.
476 2496 689 2545 Hic'duae
710 2499 997 2547 validissime
1017 2506 1194 2563 gentes,
1209 2496 1421 2549 Cantabri
1445 2506 1492 2545 et
1516 2500 1618 2547 As-

278 2564 418 2617 tures
450 2560 674 2629 immunes
694 2564 865 2627 imperii
885 2564 1129 2641 agitabatu-
1207 2561 1543 2639 Cantabrorum
1567 2571 1622 2612 et
