1838 2922
248 111 314 158 94
495 104 553 154 L.
576 106 640 154 A.
662 102 871 156 FLORI
902 103 1008 154 Lm.
1032 103 1122 153 IV.
1151 104 1274 154 Car.
1295 110 1340 154 2.
1423 181 1431 187 .

251 237 333 294 tati
374 237 791 298 paranda-impulit.
858 234 998 282 Forte
1023 243 1134 282 tunc
1164 233 1359 284 Crassus
1389 251 1580 298 genere,

254 301 443 357 divitiis,
472 301 691 363 dignitate
733 299 948 358 florebat3
982 301 1120 348 vellet
1141 308 1312 364 *ta-men
1355 301 1584 350 auctiores

252 381 375 428 opes-
446 364 587 414 Caius
610 364 767 414 Caesar
787 363 1053 425 eloquentia,
1087 372 1134 411 et
1153 366 1325 426 spiritu,
1359 381 1466 414 ecce
1477 367 1583 426 Jam

252 438 301 478 et
338 432 573 478 consulatu
605 431 891 476 allevabatur.
957 430 1202 492 Pompeius
1243 437 1395 478 tamen
1440 446 1582 493 super

252 503 493 557 utrumque
519 496 753 542 eminebat.
820 495 897 542 Sic
931 496 1068 557 igitur
1091 493 1275 542 Caesare
1307 497 1582 557 dignitatem

254 576 525 624 comparare,
569 558 736 606 Crasso
759 575 941 621 augere,
977 560 1194 620 Pompeio
1225 561 1418 606 retinere
1450 561 1586 621 cupi-

254 627 443 680 entibus,
500 627 793 686 omnibusque
828 627 994 686 pariter
1034 625 1247 686 potentiae
1291 625 1474 686 cupidis,
1522 625 1584 674 tle

252 689 505 736 invadenda
549 689 774 751 republica
814 690 946 737 facile
983 691 1208 736 convenit.
1292 690 1424 751 Ergo
1469 705 1580 736 cum

217 789 225 800 ,
253 756 423 802 mutuis
440 756 605 802 viribus
621 757 668 800 in
686 771 817 801 suum
840 756 1028 816 quisque
1048 756 1183 801 decus
1203 755 1437 812 niteretur,
1463 755 1586 802 Gal-

252 819 358 866 liam
378 818 535 867 Caesar
554 821 743 877 invadit,
768 819 960 868 Crassus
984 819 1156 874 Asiam,
1190 818 1434 882 Pompeius
1457 818 1584 866 His-

253 885 447 946 paniam,
487 896 578 932 tres
606 887 827 943 maximos
848 885 1095 934 exercitus:
1135 892 1182 930 et
1213 885 1276 932 sic
1299 885 1418 931 orbis
1437 885 1584 946 impe-

256 951 372 996 rium
396 951 609 998 societate
638 952 771 997 trium
794 951 1043 1011 principum
1077 957 1334 1010 occupatur.
1397 949 1584 996 Decem

252 1029 399 1061 annos
420 1018 558 1062 traxit
578 1015 943 1068 ista-dominatio.
1009 1013 1206 1068 Exinde,
1239 1015 1450 1074 quoniam
1475 1028 1582 1060 mu·

254 1087 333 1126 tuo
356 1089 481 1127 metu
502 1082 777 1134 tenebantur,
817 1079 972 1127 Crassi
993 1088 1140 1126 morte
1161 1080 1278 1141 apud
1299 1078 1508 1133 Parthos,
1532 1087 1584 1126 et

253 1153 401 1191 morte
441 1143 579 1192 Julfae
620 1143 815 1192 Caesaris
847 1144 966 1199 filiae,
1007 1161 1124 1204 quae,
1167 1152 1309 1206 nupta
1344 1143 1583 1206 Pompeio,

252 1210 410 1271 generi
446 1210 675 1270 socerique
707 1210 991 1256 concordiam
1021 1210 1293 1256 matrimonii
1312 1208 1484 1256 foedere
1505 1215 1584 1256 te·

258 1274 406 1327 nebat,
442 1275 593 1320 statim
632 1273 857 1320 aemulatio
892 1275 1053 1336 erupit.
1117 1274 1224 1322 Jam
1256 1274 1584 1336 Pompeio.su-

256 1345 425 1400 spectae
447 1337 643 1388 Caesaris
672 1354 793 1401 opes,
820 1347 867 1384 et
890 1337 1062 1388 Caesari
1087 1339 1361 1401 Pompeiana
1381 1339 1584 1401 dignitas

253 1405 423 1465 gravis.
488 1403 591 1452 Nec
613 1405 685 1450 hic
704 1404 875 1450 ferebat
896 1419 1062 1467 parem,
1088 1421 1171 1451 nec
1189 1405 1268 1452 ille
1290 1405 1586 1467 superiorem.

253 1467 425 1517 Nefas!
462 1472 526 1517 sic
548 1470 604 1516 de
625 1471 875 1533 principatu
894 1472 1170 1528 laborabant,
1208 1478 1434 1539 tamqnam
1464 1470 1584 1517 duos

252 1535 365 1581 tanti
384 1536 571 1597 ‚imperii
601 1535 783 1583 fortuna
814 1552 907 1585 non
937 1544 1127 1599 caperet.
1193 1536 1338 1598 Ergo,
1376 1534 1581 1582 Lentulo

252 1592 569 1661 Marcelloque
604 1603 875 1657 consulibus,
919 1600 1050 1665 rupte¹
1075 1600 1220 1663 primii
1257 1600 1582 1662 conjurationis

208 1663 214 1671 '
250 1662 353 1718 fide,
386 1666 443 1711 de
476 1668 757 1713 successione
792 1666 988 1716 Caesaris
1023 1675 1217 1721 senatus,
1249 1667 1298 1712 id
1329 1673 1398 1711 est
1431 1662 1582 1711 Pom-

250 1730 391 1791 peius,
414 1731 639 1791 agitabat:
680 1748 764 1777 nec
784 1732 860 1779 ille
882 1734 1114 1788 abnuebat,
1137 1732 1176 1777 si
1198 1732 1311 1777 ratio
1333 1730 1402 1777 sui
1421 1730 1580 1791 proxi-

250 1794 341 1839 mis
372 1796 564 1841 comitiis
588 1797 839 1843 haberetur.
907 1796 1182 1846 Consulatus
1213 1796 1398 1848 absenti,
1440 1810 1578 1855 quem

251 1858 405 1907 decem
427 1860 606 1913 tribuni,
640 1861 823 1909 favente
845 1861 1076 1924 Pompeio,
1111 1878 1252 1924 nuper
1272 1862 1578 1915 decreverant,

249 1929 361 1978 tum,
386 1924 693 1973 dissimulante
712 1928 883 1981 eodem,
919 1928 1179 1989 negabatur.
1245 1933 1272 1955 ‘⁶
1294 1926 1508 1978 Veniret,
1529 1933 1580 1973 et

248 1994 422 2049 peteret
442 1990 661 2051 majorum
684 1991 859 2038 more.”
907 1990 994 2038 Ille
1015 2003 1174 2039 contra
1193 1991 1398 2054 flagitare
1419 1991 1578 2037 decre-

248 2059 325 2111 ta;
361 2068 426 2109 ac,
463 2060 493 2083 “
507 2056 595 2101 nisi
616 2056 663 2102 in
686 2055 773 2103 fide
794 2066 1122 2119 permanerent,
1161 2073 1254 2105 non
1277 2072 1326 2103 se
1347 2056 1582 2103 remittere

248 2118 547 2167 exercitum.''
617 2120 747 2183 Ergo
775 2129 825 2168 ut
856 2123 903 2169 in
941 2122 1116 2169 hostem
1149 2122 1418 2169 decernitur.
1481 2118 1578 2166 His

250 2180 409 2230 Caesar
429 2186 641 2247 agitatuS,
678 2188 832 2233 statuit
865 2189 1052 2249 praemia
1081 2202 1306 2234 armorum
1329 2185 1468 2233 armis
1497 2185 1577 2231 de-

247 2245 445 2295 fendere.
509 2250 665 2299 Prima
696 2253 840 2299 civilis
853 2253 968 2299 belli
999 2268 1134 2299 arena
1156 2252 1288 2299 Italia
1307 2251 1411 2307 fuit,
1447 2251 1580 2312 cujus

246 2313 371 2361 arces
392 2315 567 2363 levibus
587 2318 803 2377 praesidiis
822 2316 1067 2379 Pompeius
1089 2318 1339 2365 insederat:
1379 2316 1458 2362 sed
1473 2330 1574 2361 om-

246 2377 323 2422 nia
366 2380 511 2428 subito
546 2380 744 2429 Caesaris
780 2384 952 2445 impetu
991 2398 1201 2444 oppressa
1234 2389 1354 2429 sunt.
1421 2380 1578 2427 Prima

246 2436 505 2508 [Arimino]
542 2447 675 2507 signa
704 2448 975 2495 cecinerunt.
1041 2445 1162 2493 Tum
1199 2446 1354 2509 pulsus
1389 2443 1578 2509 Etruria

248 2502 377 2560 Lib0,
422 2507 611 2556 Umbria
656 2510 897 2565 Thermus,
939 2511 1174 2559 Domitius
1205 2510 1422 2560 Corfinio.
1509 2508 1580 2557 Et

244 2578 473 2627 peractum
502 2582 601 2619 erat
632 2576 801 2623 bellum
838 2577 936 2621 sine
965 2576 1200 2635 sanguine,
1235 2577 1274 2625 si
1302 2574 1575 2637 Pompeium
