1838 2922
419 157 477 207 1..
494 156 557 207 A.
573 153 781 211 FLORI
815 153 924 201 Lu.
937 149 1045 200 111.
1085 149 1206 202 Car.
1226 153 1300 198 12.
1459 149 1524 200 ‘15

712 406 865 457 CAP.
895 405 1020 454 XII.

654 531 1070 594 Amcephalaeosis.

260 661 393 710 Hac
430 668 502 712 est
536 663 615 710 illa
647 662 779 710 tertia
816 669 928 708 aetas
960 659 1111 723 populi
1153 656 1350 706 Romani
1391 664 1533 706 trans-

194 730 382 783 marina,
408 727 510 789 quii,
532 724 667 774 Italia
676 727 882 789 progredi
900 741 1048 780 ausus,
1073 725 1180 772 orbe
1194 732 1290 771 toto
1307 738 1430 771 arma
1443 723 1534 780 cire

192 793 421 840 cumtulit.
501 789 645 856 Cujus
696 792 840 838 aetatis
896 790 1146 852 superiores
1202 797 1382 836 centum
1428 788 1534 836 anni

192 858 355 912 sancti,
392 857 468 920 pii,
504 865 551 903 et
595 857 671 921 (ut
690 854 906 916 diximus)
941 855 1076 910 aurei,
1109 856 1205 902 sine
1234 854 1419 916 flagitio,
1437 853 1535 900 sine

194 922 381 976 scelere,
405 922 513 968 dum
538 922 714 969 sincera
734 921 877 969 adhuc
898 928 946 967 et
966 920 1150 968 innoxia
1177 919 1385 981 pastoriae
1412 917 1533 963 illius

193 993 336 1036 κείω
358 987 608 1049 integritas,
644 987 839 1048 dumque
873 985 1121 1032 Poenorum
1152 984 1348 1030 hostium
1383 983 1534 1038 immi-‚-

196 1065 317 1098 nens
354 1059 503 1098 metus
539 1052 816 1116 disciplinam
850 1061 1050 1101 veterem
1078 1049 1352 1096 continebat.
1385 1055 1392 1060 '
1418 1046 1533 1094 Pos-

193 1116 329 1163 tremi
352 1125 547 1171 centum,
565 1133 678 1178 quos
700 1133 727 1164 a
750 1115 1052 1178 Carthaginis,
1077 1113 1300 1168 Corinthi,
1323 1112 1534 1160 Numan·

194 1181 367 1241 tiaeque
388 1182 609 1236 exmidiis,
644 1191 691 1231 et
713 1182 859 1230 Attali
890 1182 1012 1242 regis
1035 1176 1236 1227 Asiatica
1257 1175 1534 1234 haereditate,

194 1245 464 1294 deduximus
502 1247 549 1294 in
590 1245 819 1296 Caesarem
848 1253 895 1294 et
928 1245 1209 1308 Pompeium,
1245 1241 1538 1302 secutumque

195 1310 281 1358 hos
312 1310 390 1373 (de
412 1326 500 1372 quo
524 1310 745 1372 dicemus)
772 1312 1052 1373 Augustum,
1093 1317 1142 1357 ut
1167 1309 1366 1356 claritate
1386 1320 1538 1362 rerum

195 1375 457 1422 bellicarum
480 1375 719 1438 magnifici,
743 1377 806 1422 ita
828 1375 1086 1426 domesticis
1107 1373 1302 1420 cladibus
1318 1371 1469 1418 miseri
1491 1373 1539 1426 et

198 1439 507 1489 erubescendi.
572 1440 763 1503 Quippe,
784 1441 899 1487 sicut
918 1439 1130 1493 Galliam,
1148 1435 1402 1491 Thraciam,
1427 1432 1542 1485 Cili-

199 1505 333 1557 ciam,
374 1502 715 1565 Cappadociam,
747 1504 992 1551 uberrimas
1022 1502 1404 1560 validissimasque
1435 1514 1541 1561 pro:-

200 1569 391 1624 vincias‚
431 1570 677 1616 Armenios
722 1568 869 1620 etiam,
913 1575 961 1613 et
991 1566 1250 1618 Britannos,
1293 1572 1342 1611 ut
1375 1561 1540 1610 nonin

200 1648 350 1687 usum,
380 1634 443 1679 ita
471 1633 527 1678 ad
558 1633 730 1694 imperii
754 1631 962 1694 speciem,
991 1644 1160 1691 magna
1181 1630 1364 1675 nomina
1391 1628 1542 1688 acqui·

200 1698 347 1751 siisse,
368 1698 603 1759 pulchrum
626 1706 761 1756 atque
794 1697 1033 1750 decorum;
1068 1696 1132 1739 ita
1163 1694 1321 1740 eodem
1343 1700 1544 1755 tempore

202 1758 442 1808 dimicasse
462 1762 583 1808 domi
606 1776 709 1807 cum
732 1760 916 1814 civibus,
943 1759 1088 1813 sociis,
1107 1759 1351 1820 mancipiis,
1368 1758 1541 1820 gladia-

201 1826 389 1881 toribus,
413 1832 599 1886 totoque
618 1827 736 1873 inter
757 1840 807 1871 se
829 1830 1000 1878 senatu,
1024 1832 1154 1886 turpe
1173 1832 1308 1884 atque
1329 1823 1546 1870 miseran-

204 1890 331 1937 dum.
396 1889 469 1936 Ac
504 1890 655 1937 nescio
689 1906 747 1937 an
782 1889 924 1937 satius
951 1888 1086 1935 fuerit
1121 1888 1286 1951 populo
1319 1886 1545 1942 Romano,

210 1950 365 2003 Sicilia
384 1962 431 2000 et
453 1954 610 2002 Africa
631 1963 843 2002 contento
863 1954 1021 2011 fuisse,
1053 1961 1132 2000 aut
1165 1954 1237 2001 his
1274 1953 1410 2001 etiam
1439 1952 1548 2014 ipsis

206 2035 375 2074 carere,
398 2020 644 2066 dominanti
660 2021 707 2065 in
732 2017 863 2066 Italia
884 2016 980 2073 sua,
1003 2034 1135 2079 quam
1153 2034 1208 2065 eo
1228 2017 1552 2080 magnitudinis

210 2100 428 2139 crescere,
446 2091 497 2131 ut
516 2085 685 2132 viribus
708 2086 799 2131 suis
816 2083 1126 2133 conficeretur.
1191 2082 1312 2137 Quae
1333 2082 1454 2128 enim
1475 2095 1549 2129 res

212 2149 301 2197 alia
338 2148 513 2197 furores
555 2150 710 2195 civiles
752 2150 937 2211 peperit,
980 2142 1113 2209 quarn
1152 2148 1290 2193 nimia
1325 2142 1548 2193 felicitas?

216 2214 350 2274 Syria
364 2215 507 2276 prima
527 2229 611 2261 nos
631 2215 751 2261 victa
769 2213 997 2275 corrupit:
1033 2227 1144 2261 mox
1167 2212 1367 2259 Asiatica
1379 2209 1553 2270 Perga-

212 2279 335 2325 meni
367 2279 487 2340 regis
516 2279 766 2326 haereditas.
832 2277 934 2325 111ae
969 2292 1078 2339 opes
1109 2285 1244 2337 atque
1273 2275 1444 2321 divitiae
1483 2271 1550 2321 af-

213 2340 374 2389 flixere
408 2342 561 2391 saeculi
592 2358 769 2403 mores;
800 2358 1084 2402 mersamque
1116 2343 1238 2389 vitiis
1273 2339 1382 2395 suis,
1427 2336 1553 2399 quasi

215 2407 405 2461 sentina,
424 2408 736 2470 rempublicam
754 2404 1112 2470 pessumdedere.
1180 2404 1318 2451 Unde
1332 2403 1450 2450 enim
1467 2416 1550 2465 po-

215 2472 349 2533 pulus
386 2472 624 2521 Romanus
646 2488 675 2521 a
695 2473 880 2520 tribunis
903 2486 1040 2533 agros
1061 2478 1108 2517 et
1130 2470 1290 2517 cibaria
1313 2467 1551 2530 flagitaret,

220 2536 309 2583 nisi
343 2554 423 2599 per
466 2537 645 2593 famem,
690 2552 825 2599 quam
860 2538 972 2583 luxu
1009 2535 1208 2583 fecerat?
1275 2532 1404 2579 Hinc
1439 2546 1552 2593 ergo

220 2599 489 2651 Gracchana
518 2612 566 2651 et
596 2604 741 2666 prima
770 2611 818 2649 et
850 2602 1058 2655 secunda,
1095 2609 1142 2647 et
1171 2599 1248 2646 illa
1272 2599 1404 2647 tertia
1425 2597 1557 2658 Apu-

218 2663 367 2717 leiana
394 2666 567 2717 seditio.
633 2666 775 2717 Unde
794 2672 1006 2729 regnaret
1023 2665 1270 2728 judiciariis
1290 2664 1465 2725 legibus
1486 2661 1555 2707 di-
