1838 2922
215 123 276 168 ia
460 118 519 167 L.
541 115 604 167 A.
627 115 834 167 FLORI
850 115 977 165 Lm.
996 114 1052 166 Ῑ.·
1072 115 1193 167 Cn.
1210 120 1293 164 16.

711 373 858 423 CAP.
891 372 1035 420 xv1.

597 504 792 550 Beuum
814 491 1143 550 samniticum.

249 632 516 680 ·Pucmus
549 631 709 678 deinde
739 631 1003 694 Campaniae
1034 637 1201 688 motus,
1234 644 1325 676 non
1358 645 1441 692 pro
1471 645 1537 686 ae,

211 698 290 745 sed
315 698 456 760 (quod
476 703 546 743 est
563 695 827 758 speciosius)
852 713 934 758 pro
948 698 1094 752 sociis,
1112 695 1336 743 Samnitas
1350 696 1539 742 invadit.

209 760 326 809 Erat
345 761 492 808 foedus
509 761 611 808 cu'm
633 762 833 820 utrisque
853 777 1113 821 percussum
1128 779 1141 806 ι
1182 761 1259 807 sed
1286 761 1373 807 hoc
1386 757 1537 809 Cam-

207 827 313 888 pani
335 827 531 872 sanctius
552 833 600 872 et
619 827 742 888 prius
769 826 971 871 omnium
1004 840 1185 872 suorum
1216 822 1441 872 deditione
1468 825 1539 874 fea

213 898 380 938 cei-ant.
444 892 520 938 Sic
535 906 648 954 ergo
668 891 904 937 Romanus
926 889 1090 935 bellum
1110 889 1403 935 Samniticum
1420 898 1539 937 tam-

211 968 345 1015 quam
379 956 458 1002 sibi
491 957 648 1017 gessit.
711 954 940 1008 Omnium,
976 969 1068 1000 non
1104 953 1239 999 modo
1278 952 1422 1007 Italia,
1458 955 1541 1001 sed

211 1026 309 1066 toto
327 1021 432 1066 orbe
453 1027 682 1074 terrarum,
707 1020 1003 1080 pulcherrima
1027 1016 1287 1082 Campaniae
1306 1019 1438 1079 plaga
1454 1027 1541 1067 est.

210 1081 342 1130 Nihil
378 1085 556 1130 mollius
594 1084 724 1130 coelo.
791 1082 1004 1142 Denique
1039 1083 1116 1131 bis
1144 1081 1327 1128 floribus
1363 1091 1539 1130 vernat.

211 1146 343 1195 Nihil
363 1149 539 1194 uberius
562 1149 685 1194 solo:
723 1148 824 1194 ideo
847 1146 999 1194 Liberi
1024 1145 1291 1206 Cererisque
1312 1155 1537 1195 certamen

215 1212 390 1259 dicitur.
436 1212 566 1258 Nihil
581 1213 840 1273 hospitalius
855 1212 981 1258 mari.
1039 1211 1133 1257 Hic
1154 1210 1219 1257 illi
1240 1213 1411 1258 nobiles
1434 1229 1538 1274 por-

209 1283 298 1331 tus,
342 1275 511 1332 Caieta,
556 1277 779 1330 Misenus,
823 1284 869 1323 et
905 1283 1109 1337 tepentes
1143 1274 1341 1323 fontibus
1378 1277 1533 1326 Baiae:

213 1339 438 1388 Lucrinus
480 1349 526 1388 et
567 1343 790 1396 Avernus,
839 1342 1043 1402 quaedam
1082 1341 1217 1387 maris
1260 1343 1364 1389 otia.
1442 1341 1540 1390 Hic

215 1407 365 1452 amicti
393 1407 558 1452 vitibus
579 1415 768 1460 montes,
804 1407 998 1463 Gaurus,
1034 1405 1265 1460 Falernus,
1298 1407 1541 1465 Massicus,

215 1479 262 1518 et
304 1471 630 1533 pulcherrimus
669 1474 866 1519 omniurn
912 1472 1159 1530 Vesuvius,
1207 1473 1381 1521 AEtnaei
1422 1476 1542 1535 ignis

212 1534 422 1585 imitator.
492 1537 640 1584 Urbes
663 1539 718 1585 ad
739 1554 874 1594 mare,
909 1536 1120 1592 Formiae,
1145 1536 1319 1591 Cumae,
1346 1537 1540 1594 Puteoli,

215 1598 446 1664 Neapolis,
484 1601 834 1658 Herculaneum,
871 1602 1089 1663 Pompeii,
1124 1603 1289 1661 etipsa
1308 1608 1441 1661 caput
1463 1616 1538 1646 ur-

212 1663 335 1712 bium
360 1664 527 1728 Capua,
562 1669 784 1728 quondam
810 1670 929 1713 inter
948 1673 1039 1712 tres
1060 1664 1295 1720 maximas,
1328 1663 1537 1719 Romam,

215 1728 636 1792 Carthaginemque,
673 1738 916 1777 numerata.
982 1728 1075 1774 Pro
1105 1728 1188 1773 hac
1218 1728 1339 1783 urbe,
1374 1728 1443 1777 his
1464 1744 1535 1775 re-

213 1795 436 1855 gionibus,
467 1796 656 1856 populus
683 1794 919 1841 Romanus
942 1792 1167 1838 Samnitas
1195 1792 1389 1849 invasitg
1423 1808 1538 1855 gen·

213 1862 320 1913 tem,
359 1859 394 1905 ai
417 1859 687 1920 opulentiam
709 1859 886 1919 quaeriS,
908 1857 1055 1907 aureis
1076 1862 1121 1901 et
1142 1858 1369 1917 argenteis
1390 1860 1537 1916 armis,

215 1921 422 1971 discolori
449 1930 590 1977 veste,
623 1938 765 1983 usque
785 1922 839 1967 ad
861 1921 1074 1968 ambitum
1104 1928 1350 1979 armatam;
1386 1924 1423 1969 si
1453 1922 1537 1971 fal·

213 1988 387 2043 laciam,
421 1988 603 2035 saltibus
633 1987 727 2033 fere
748 1994 794 2032 et
813 1984 1033 2031 montium
1053 1982 1209 2031 fraude
1228 1996 1535 2049 grassantem3

215 2054 258 2099 si
289 2054 453 2100 rabiem
488 2068 538 2099 ac
565 2050 774 2104 furorem,
807 2050 993 2096 sacratis
1025 2048 1211 2109 legibus,
1246 2052 1538 2116 humanisque

214 2118 386 2172 hostiis,
419 2118 467 2162 in
499 2116 683 2162 exitium
718 2114 856 2161 Urbis
887 2114 1128 2175 agitatam3
1164 2116 1203 2161 si
1234 2118 1535 2179 pertinaciam,

219 2182 365 2228 sexies
386 2188 518 2242 rupto
545 2180 728 2233 foedere,
761 2179 1044 2239 cladibusque
1072 2179 1181 2241 ipsis
1210 2182 1537 2232 animosiorem.

217 2244 326 2293 Hos
358 2252 507 2292 tamen
535 2244 855 2304 quinquaginta
889 2244 1031 2299 annis,
1063 2260 1143 2305 per
1174 2244 1339 2295 Fabios
1369 2256 1415 2295 et
1444 2248 1533 2297 Pa-

215 2310 352 2372 pirios
383 2317 543 2372 patres,
577 2322 820 2369 eorumque
851 2308 1030 2363 liberos,
1062 2310 1125 2357 ita
1158 2312 1335 2375 subegit
1366 2328 1419 2359 ac
1454 2315 1534 2362 do-

215 2375 344 2428 muit,
377 2374 441 2421 ita
468 2374 618 2419 ruinas
647 2374 763 2435 ipsas
793 2374 967 2420 urbium
991 2375 1137 2428 diruit,
1172 2385 1223 2422 ut
1251 2378 1382 2423 hodie
1405 2377 1533 2425 Sam-

215 2440 342 2486 nium
362 2437 410 2484 in
431 2438 528 2499 ipso
553 2438 734 2485 Samnio
765 2440 1039 2501 requiratur3
1074 2454 1158 2487 nec
1178 2439 1310 2489 facile
1328 2450 1535 2504 appareat

211 2503 399 2551 materia
428 2510 617 2565 quatuor
654 2510 700 2551 et
731 2504 892 2568 viginti
926 2506 1265 2568 triumphorum.
1330 2506 1535 2557 Maxime

209 2575 362 2615 tamen
383 2576 490 2615 nota
511 2577 557 2615 et
578 2569 761 2619 illustris
783 2586 841 2618 ex
861 2573 945 2619 hac
966 2579 1103 2634 gente
1118 2571 1265 2619 clades
1280 2572 1396 2634 apud
1414 2571 1532 2621 Cau-

206 2632 338 2683 dinas
357 2632 564 2694 furculas,
599 2634 792 2685 Veturio
813 2636 1137 2699 Postumioque
1164 2636 1432 2697 consulibua,
1464 2654 1533 2691 ac-
