1838 2922
315 123 382 172 sa
448 121 506 174 c
522 121 585 172 v.
603 120 1005 174 eumcum
1036 119 1145 170 Lm.
1162 118 1233 170 11.
1264 119 1385 172 cu.
1403 125 1520 172 ποετ.
1570 81 1581 93 “

320 267 444 301 mors
473 255 590 302 intra
609 269 778 317 paucos
799 255 896 301 dies
928 253 1115 301 fortuita
1143 268 1201 300 nn
1222 253 1477 300 voluntaria
1494 252 1651 311 fuerit,

316 317 498 379 ignoro.
561 320 652 366 Sed
673 335 806 381 quam
836 321 957 365 hunc
988 319 1233 366 decessisse
1263 320 1404 365 laetati
1426 319 1650 374 homines,
1732 323 1740 328 '

320 389 414 428 tam
436 383 568 445 paulo
589 391 704 446 post,
727 381 876 430 obisse
898 381 1200 430 Censorinum
1218 384 1265 429 in
1289 382 1444 429 iisdem
1462 384 1651 445 provin-

322 447 418 503 ciis,
439 449 638 510 graviter
659 448 762 495 tulit
783 448 957 502 civitas,
980 451 1125 494 virum
1150 447 1430 494 demetendis
1451 449 1649 494 homim-

320 511 408 558 bus
434 513 656 574 genitum.
717 512 982 558 Armeniam
1006 512 1167 558 deinde
1190 509 1377 576 [Caius]
1400 513 1650 574 ingressus,

320 575 465 637 prima
482 585 610 640 porte
629 577 838 623 introitus
860 591 1073 638 prospere
1096 573 1240 641 [rem]
1263 578 1407 637 gessit
1419 593 1435 633 ς
1471 591 1580 623 mox
1601 578 1651 624 in

323 640 562 700 colloquio,
587 643 659 688 cui
683 657 732 688 se
752 652 923 688 temere
945 641 1202 696 crediderat,
1234 641 1349 687 circa
1373 642 1651 702 Artageram

322 706 520 767 graviter
555 721 582 752 a
609 707 814 766 quodam,
855 706 1038 755 nomine
1073 706 1253 760 Adduo,
1284 705 1559 760 vulneratus,
1592 721 1655 753 ex

321 785 392 824 eo,
418 777 470 818 ut
487 786 652 833 corpus
673 771 822 818 minus
842 771 1000 826 habile,
1022 771 1087 816 ita
1107 771 1305 816 animum
1323 771 1471 818 minus
1494 769 1652 817 utilem

322 835 588 895 reipublicae,
627 836 789 882 habere
827 835 979 897 coepit.
1050 834 1103 881 N
1104 851 1155 882 ec
1191 833 1331 880 defuit
1364 836 1652 887 ,conversatio

321 899 568 954 hominum,
591 900 700 947 vitia
721 901 818 962 ejus
841 900 1149 960 assentatione*
1164 899 1393 946 alentium.
1460 898 1651 946 Etenim

321 977 500 1026 semper
527 981 708 1028 magnae
731 965 927 1012 fortunae
950 980 1105 1011 comes
1134 965 1260 1012 adest
1280 961 1491 1011 adulatio.
1560 961 1653 1011 Per

321 1043 426 1089 quae
447 1044 503 1076 eo
525 1030 686 1076 ductus
707 1037 814 1084 erat,
841 1036 889 1075 ut
910 1031 957 1074 in
981 1028 1138 1074 ultimo
1159 1044 1211 1075 ac
1234 1029 1533 1078 remotissimo
1554 1035 1651 1075 ter-

321 1107 472 1140 rarum
493 1095 612 1140 orbis
633 1093 801 1153 angulo
824 1107 1159 1146 consenescere,
1197 1109 1327 1153 quam
1352 1093 1547 1140 Romam
1572 1109 1649 1140 re-

321 1157 450 1220 gredi
493 1157 660 1204 mallet.
742 1156 841 1204 Diu
885 1156 1046 1204 deinde
1089 1157 1351 1214 reluctatus,
1396 1157 1651 1218 invitusque

321 1227 554 1270 revertens
575 1223 622 1268 in
651 1219 850 1278 Italiam,
873 1222 922 1268 in
951 1222 1057 1268 urbe
1080 1219 1239 1282 Lyciae
1265 1221 1477 1285 (Limyra
1497 1223 1648 1268 nomi-

319 1284 454 1347 nant)
482 1287 640 1334 morbo
662 1287 797 1342 obiit;
829 1301 947 1341 cum,
972 1293 1075 1333 ante
1097 1301 1264 1332 annum
1288 1286 1443 1340 ferme,
1467 1284 1525 1333 L.
1539 1285 1652 1334 ΟΞ·

317 1365 408 1406 επ,
440 1350 581 1400 frater
609 1354 720 1416 ejus,
758 1351 1005 1414 Hispanias
1034 1357 1206 1414 petens,
1238 1350 1463 1416 Massilia}
1494 1351 1649 1400 deces-

321 1416 473 1465 sisset.

388 1480 530 1531 0111.
565 1484 656 1532 Sed
679 1483 896 1538 Fortuna,
919 1498 1021 1545 quae
1044 1484 1315 1531 subduxerat
1336 1497 1462 1546 spem
1486 1484 1649 1545 magni

317 1548 532 1603 nominis,
547 1550 645 1612 jam
669 1558 764 1597 tum
780 1550 1034 1610 reipublicae
1057 1565 1140 1595 sua
1153 1548 1365 1610 ,praesidia
1387 1548 1652 1595 reddiderat·

319 1611 520 1674 Quippe,
553 1622 659 1660 ante
681 1615 913 1673 utriusque
943 1614 1103 1659 horum
1126 1613 1307 1665 obitum,
1341 1620 1470 1675 patre
1490 1619 1569 1659 tuo
1591 1610 1650 1659 P.

322 1674 728 1733 'Vinicio-consule,
762 1677 864 1724 Tib.
888 1677 1030 1731 Nero,
1056 1692 1262 1725 reversus
1285 1676 1467 1732 Rhodo,
1501 1676 1649 1723 incre·-

323 1740 444 1788 dibili
466 1740 625 1789 luet-itia
643 1743 832 1804 patriam
855 1743 1120 1804 repleverat.
1188 1740 1297 1789 Non
1320 1750 1391 1788 est
1412 1742 1488 1787 diu
1511 1755 1651 1789 cunc-

322 1812 444 1853 tatus
462 1804 618 1854 Caesar
641 1808 911 1870 Augustus:
954 1822 1098 1867 neque
1114 1807 1231 1853 enim
1255 1806 1523 1867 quaerendus
1538 1813 1650 1862 erat,

323 1885 457 1929 quem
479 1870 678 1933 legeret3
715 1872 793 1918 sed
810 1872 1046 1934 legendus,
1069 1872 1143 1932 qui
1168 1871 1405 1917 eminebat.
1474 1869 1647 1934 Itaque,

322 1934 443 1994 quod
463 1944 567 1996 post
581 1934 712 1983 Lucii
725 1943 932 1991 mortem,
950 1937 1093 1983 adhuc
1112 1934 1227 1985 Caio
1250 1936 1368 1989 vivo,
1392 1934 1541 1981 facere
1568 1952 1648 1981 vo-

321 1998 480 2054 luerat,
511 2006 657 2061 atque,
691 2002 986 2048 vehementer
1011 2008 1289 2064 repugnante
1320 1999 1523 2052 Nerone,
1556 2006 1652 2049 erat

321 2064 548 2119 inhibitus,
575 2073 678 2126 post
699 2067 930 2126 utriusque
947 2066 1293 2113 adolescentium
1312 2065 1481 2111 obitum
1502 2062 1653 2111 facere

321 2131 636 2239 ffroeveravit,
661 2137 712 2176 ut
731 2140 778 2177 et
794 2131 1043 2177 tribuniciae
1060 2131 1295 2192 potestatis
1316 2129 1649 2177 consortionem

377 2195 502 2241 eroni
519 2195 841 2253 constitueret3
878 2195 1070 2243 multum
1092 2194 1269 2255 quidem
1292 2210 1362 2247 eo,
1388 2208 1492 2239 cum
1517 2194 1651 2249 domi,

321 2266 426 2309 ,tum
445 2259 491 2305 in
517 2268 687 2311 senatu.
714 2268 976 2317 recusante3
1013 2270 1058 2306 et
1076 2274 1196 2313 eum,
1222 2258 1349 2305 AElio
1374 2256 1509 2312 Cato,
1535 2258 1651 2305 Sen-

321 2322 390 2373 tio
431 2325 702 2377 consulibus.
740 2324 786 2369 V
819 2323 918 2372 Cal.
952 2322 1045 2372 Jul.
1080 2331 1183 2385 post
1219 2322 1390 2369 Urbem
1424 2323 1650 2377 conditam

325 2388 456 2435 annis
478 2386 786 2443 DCCLVH,
819 2390 979 2435 abhinc
1008 2391 1136 2435 annis
1160 2386 1381 2441 XXVII,
1406 2382 1651 2448 adoptaret.

325 2450 558 2500 Laetitiam
580 2454 698 2500 illius
719 2453 819 2507 diei,
849 2468 1205 2514 concursumque
1228 2452 1435 2506 civitatis,
1471 2460 1519 2497 et
1547 2460 1654 2499 vota

324 2531 458 2577 paene
479 2518 770 2564 inserentium
794 2517 910 2564 coelo
934 2532 1106 2571 manus,
1140 2531 1353 2578 spemque
1386 2523 1648 2579 conceptam

324 2588 556 2642 perpetuae
575 2582 828 2629 securitatis
857 2583 1207 2643 aeternitatisque
1230 2580 1431 2629 Romani
1460 2582 1653 2643 imperii,

319 2644 403 2693 vix
426 2645 472 2693 in
494 2645 572 2694 iuo
587 2647 712 2708 justo
735 2662 870 2709 opere
884 2647 1058 2694 abunde
1072 2646 1275 2708 persequi
1292 2645 1555 2708 poterimus,
1572 2660 1651 2693 ne-

318 2707 434 2765 dum
450 2709 528 2763 hic
550 2710 748 2777 implere.
816 2708 1035 2772 Contenti
1056 2713 1197 2765 simus
1214 2711 1275 2765 „id
1305 2724 1448 2765 unum
1462 2704 1655 2770 dida-e.
