1838 2922
520 137 580 186 L.
603 137 663 186 A.
688 135 898 187 FLOR!
933 137 1040 186 Lm.
1061 137 1160 188 111.
1195 139 1314 190 Cu.
1343 147 1422 192 23.
1572 149 1642 196 89

290 273 365 316 tos
388 270 631 316 certamina
652 270 813 324 habita,
836 285 940 316 cum
957 271 1062 317 binc
1084 270 1320 318 Domitius
1345 280 1394 319 et
1414 273 1628 330 Th0rius,

289 335 399 381 inde
412 333 646 381 Herculeii
669 334 982 396 proluderent:
1021 351 1130 383 mox
1151 337 1221 383 his
1234 338 1350 400 apud
1369 338 1626 401 segoviam,

288 399 381 446 illis
402 400 519 461 apud
548 400 699 446 Anam
729 399 913 456 flumen,
947 401 1182 463 oppressis,
1221 403 1307 464 ipsi
1340 403 1477 450 duces
1498 421 1626 452 cotn-

286 465 440 511 minus
460 466 655 510 invicem
678 466 861 527 experti,
884 467 1002 528 apud
1023 465 1280 514 Lauronem
1304 474 1438 529 atque
1460 469 1628 518 Sucro-

287 541 413 586 nem,
439 527 674 591 aequavere
696 531 857 577 clades.
923 529 1046 576 Tum
1083 532 1170 578 illis
1198 534 1254 578 ad
1289 534 1624 595 populationem

286 609 515 656 agrorum,
545 596 615 641 his
649 596 705 642 ad
738 596 912 641 urbium
951 597 1147 643 exscidia
1183 599 1426 654 conversis,
1462 601 1630 648 misera

281 660 403 708 inter
437 660 674 707 Romanos
696 661 833 707 duces
856 660 1082 722 Hispania
1111 663 1344 709 discordiae
1366 679 1526 724 poenas
1547 666 1627 712 da-

284 725 364 771 bat
384 725 570 781 ;donec‚
596 741 809 788 oppresso
832 724 1078 773 domestica
1098 727 1251 773 fraude
1267 728 1481 784 Sertorio,
1503 731 1626 778 victo

285 790 529 850 deditoque
545 789 786 852 Perper-nri,
810 791 921 851 ipsae
943 806 1122 851 quoque
1144 793 1190 837 in
1214 791 1470 839 Romanam
1487 793 1622 842 fidem

281 852 453 902 venere
466 855 610 910 urbes,-
628 853 763 912 Osca,
778 853 981 910 Termes
997 855 1148 910 Tutia,
1166 855 1390 922 Valentia,
1406 859 1622 915 Anxium,

283 927 334 966 et
355 920 402 966 in
423 919 542 966 fame
564 919 676 966 nihil
696 935 788 967 non
820 927 1008 980 experta
1030 919 1280 982 calaguris.
1346 922 1421 968 Sic
1444 932 1624 985 recepta

280 985 332 1032 in
370 999 527 1046 pacem
565 983 803 1045 HispanIa.
869 984 1084 1031 Victores
1126 987 1262 1032 duces
1305 993 1542 1034 externum
1577 990 1626 1036 id

280 1051 432 1110 magis
470 1065 601 1110 quam
628 1051 759 1097 civile
791 1051 957 1097 bellum
988 1050 1129 1097 videri
1165 1050 1417 1106 voluerunt,
1455 1061 1504 1100 ut
1539 1055 1619 1100 tri-

278 1115 561 1176 umpharent.

756 1307 905 1358 CAP.
937 1308 1139 1364 XXIII.

584 1439 775 1487 Bellum
806 1439 942 1487 civile
972 1440 1056 1487 sub
1091 1439 1286 1501 Lepido.

342 1568 531 1617 Mssco
553 1566 743 1631 Lepido,
776 1568 952 1623 Quinto
992 1566 1160 1617 Catulo
1190 1569 1458 1623 consulibus,
1489 1570 1622 1617 civile

216 1654 225 1664 ⁸
273 1637 441 1685 bellum
466 1650 597 1697 paene
619 1634 751 1680 citius
774 1649 1035 1696 oppressum
1076 1640 1158 1688 est,
1198 1649 1330 1694 quam
1368 1634 1611 1695 inciperet:

276 1703 357 1751 sed
381 1698 637 1763 [quantum
662 1698 863 1762 lateque]
880 1698 960 1745 fax
978 1699 1099 1744 iilius
1111 1700 1264 1745 motus
1285 1699 1340 1745 ab
1358 1700 1458 1760 ipso
1475 1700 1617 1748 Sunae

278 1782 396 1829 rogo
435 1764 627 1811 exarsit!
699 1762 903 1826 Cupidus
949 1779 1141 1825 nemque
1161 1778 1333 1810 ‘rerum
1378 1780 1612 1821 novarum,

275 1848 359 1895 per
381 1830 665 1877 insolentiam
688 1828 889 1891 Lepidus
905 1837 1008 1875 acta
1029 1830 1142 1875 tanti
1159 1830 1243 1875 viri
1259 1830 1512 1877 rescindere
1534 1846 1613 1891 pa—

276 1898 432 1953 rabat3
467 1910 551 1941 nec
588 1896 827 1949 immerito,
868 1895 907 1940 si
949 1902 1100 1941 tamen
1131 1903 1286 1956 posset
1315 1895 1414 1941 sine
1447 1895 1616 1957 magna

269 1962 402 2011 clade
424 1960 690 2021 reipublicae.
757 1959 881 2005 Nam
912 1975 1016 2005 cum
1029 1960 1135 2021 jure
1149 1959 1252 2006 belli
1277 1960 1403 2006 Sulla
1424 1960 1615 2007 dictator

272 2026 613 2089 proscripsisset
650 2024 883 2081 inimicos;
931 2025 1008 2083 qui
1051 2032 1323 2086 supererant,
1370 2033 1610 2071 revocante

276 2091 465 2155 Lepido,
504 2090 611 2151 quid
649 2089 768 2134 aliud
812 2104 947 2150 quam
985 2090 1041 2135 ad
1084 2090 1248 2136 bellum
1301 2089 1612 2136 vocabantur?

272 2156 485 2217 Cumque
506 2155 816 2201 damnatorum
846 2154 1012 2201 civium
1046 2140 1178 2211 b‘d‘na,
1215 2154 1448 2207 addicente
1473 2151 1610 2210 Sunii,

264 2220 475 2284 quamvis
511 2219 629 2265 male
666 2226 807 2281 capta,
843 2219 950 2280 jure
985 2227 1151 2274 tamen,
1206 2218 1412 2280 repetitio
1455 2233 1612 2265 eorum

267 2286 428 2351 procul
450 2284 584 2330 dubio
603 2282 893 2331 labefactabat
914 2286 1207 2345 compositam
1223 2284 1469 2329 civitatem.
1508 2282 1611 2329 Ex-

270 2352 481 2415 pediebat
512 2364 623 2410 ergo
653 2349 779 2409 quasi
809 2364 947 2410 aegrae
969 2350 1222 2408 sauciaeque
1251 2348 1504 2410 reipublicae
1536 2363 1609 2393 re-

256 2417 497 2481 quiescere
518 2414 950 2475 quomodocumque,
986 2428 1045 2460 ne
1063 2413 1252 2460 vulnera
1273 2413 1503 2459 curatione
1519 2410 1616 2473 ipsa

267 2477 641 2531 rescinderentur.
706 2478 839 2540 Ergo
861 2493 965 2525 cum
987 2477 1174 2525 turbidis
1189 2476 1493 2530 concionibus,
1515 2477 1612 2524 vel-

272 2553 327 2594 ut
362 2544 563 2599 classico,
599 2544 828 2591 civitatem
863 2543 1108 2597 terruisset,
1142 2541 1372 2605 profectus
1393 2543 1439 2588 in
1470 2541 1616 2589 Etru-

264 2612 402 2666 ·rism,
427 2624 552 2659 arms
571 2609 676 2659 inde
695 2615 743 2659 et
762 2609 1011 2659 exercitum
1046 2606 1163 2655 Urbi
1184 2607 1457 2657 admoverat.
1523 2604 1616 2655 Sed

1157 2686 1177 2719 1
1197 2676 1226 2719 8
