1838 2922
283 102 376 155 106
503 101 562 151 L.
587 102 647 151 A.
666 96 874 150 FLORI
907 96 1015 147 Lu„
1036 96 1127 146 IV.
1162 94 1283 148 Car.
1305 102 1353 147 7.

281 234 565 297 fugientium.
632 231 724 280 Pro
761 232 918 292 quibus
954 230 1053 290 quis
1082 245 1165 291 pro
1200 229 1417 290 dignitate
1444 230 1510 276 rei
1532 230 1605 277 in-

391 300 515 355 iscat⁹
551 312 654 345 cum
678 296 905 343 Antonius
929 293 1122 341 Lucium
1148 291 1377 341 Caesarem
1401 309 1603 341 avuncu-

281 314 390 411 ffi
415 378 563 420 suum,
602 359 801 423 Lepidus
823 357 1017 406 Lucium
1040 358 1232 406 Paulum
1255 373 1384 406 suum
1404 358 1605 413 fratrem,

315 426 625 491 rescripserit?
689 424 854 471 Romae
883 425 1027 486 capita
1049 438 1266 469 caesorum
1287 438 1536 484 proponere
1557 424 1607 469 in

281 442 570 554 Rostrisjiim
591 491 804 539 usitatum
820 497 945 537 erat:
983 502 1141 536 verum
1164 488 1227 533 sic
1250 502 1427 548 quoque
1444 488 1606 534 civitas

283 558 504 619 lacrymas
525 565 678 603 tenere
707 570 798 601 non
819 555 979 617 potuit,
1017 568 1119 599 cum
1150 553 1340 598 recisum
1372 550 1607 600 Ciceronis

285 630 423 685 eaput
453 623 500 669 in
533 621 622 667 illis
657 622 748 667 suis
783 619 966 666 Rostris
996 619 1219 665 videretur
1233 634 1247 673 ;
1283 631 1367 662 nee
1394 616 1523 662 aliter
1551 616 1609 663 ad

282 686 525 735 videndum
547 700 664 741 eum,
686 700 818 745 quam
841 685 1012 731 solebat
1030 684 1087 729 ad
1107 681 1389 735 audiendum,
1412 694 1605 727 concur·

285 759 471 799 teretur.
537 748 658 797 Haec
679 751 846 796 scelera
879 750 926 794 in
950 748 1141 795 Antonii
1164 745 1409 807 Lepidique
1431 746 1608 793 tabulis.

287 813 446 865 caesar
485 814 816 877 percussoribus
859 814 999 877 patris
1043 818 1280 857 contentus
1315 810 1415 856 fuit.
1482 809 1609 871 Haee

285 895 478 941 quoque
513 878 609 927 nisi
620 878 953 932 multa‘fuisset,
987 877 1120 923 etiam
1148 877 1275 938 justa
1300 875 1447 923 caedes
1468 876 1606 923 habe—

283 951 420 993 retur.

791 1132 941 1183 CAP.
973 1132 1093 1181 VII.

619 1263 806 1311 Bellum
842 1263 991 1313 Cassii
1020 1272 1065 1311 et
1104 1264 1263 1310 Bruti.

350 1390 550 1442 Bau-rus
583 1400 630 1442 et
663 1392 848 1441 Cassius
883 1393 947 1439 sic
981 1391 1224 1446 Caesarem,
1264 1392 1388 1451 qussi
1410 1388 1607 1452 Tarqui-

288 1463 414 1509 nium
435 1475 602 1523 regem,
627 1460 847 1521 depulisse
869 1473 1013 1520 regno
1043 1457 1330 1505 videbantur:
1371 1457 1448 1504 sed
1471 1456 1607 1504 liber·

287 1534 442 1582 tatem,
474 1541 606 1586 quam
627 1526 822 1572 maxime
843 1525 1093 1571 restitutam
1114 1523 1366 1575 voluerunt,
1404 1522 1483 1568 illo
1506 1523 1607 1584 ipso

281 1591 518 1654 parricidio
537 1588 780 1654 perdidere.
843 1589 1005 1650 Igitur,
1026 1588 1151 1634 caede
1172 1584 1379 1648 perfecta,
1396 1601 1501 1633 cum
1523 1601 1606 1634 ve-

283 1665 464 1704 teranos
509 1653 703 1703 Caesaris
739 1669 824 1701 nec
867 1653 1090 1699 immerito
1133 1653 1355 1705 timerent,
1396 1653 1547 1698 statim
1578 1667 1609 1698 e

279 1719 407 1768 cui-iii
425 1722 474 1766 in
497 1719 767 1782 Capitolium
789 1718 1099 1780 confligerant.
1161 1717 1265 1764 vNee
1285 1717 1373 1762 illis
1394 1717 1451 1763 ad
1466 1717 1605 1763 ultio-

282 1801 387 1833 nem
409 1786 562 1832 deerat
579 1786 754 1832 animus
767 1800 783 1840 3
818 1783 897 1829 sed
919 1783 1075 1828 ducem
1100 1797 1191 1828 non
1214 1782 1447 1828 habebant.
1502 1779 1604 1842 Igi-

281 1857 369 1906 tur,
401 1865 504 1896 cum
527 1857 769 1913 appareret,
792 1863 895 1908 quae
917 1855 1091 1908 strages
1118 1847 1371 1908 reipublicae
1392 1847 1604 1892 immine-

280 1923 365 1969 ret,
388 1915 611 1976 displicuit
631 1915 741 1960 ultio
765 1910 891 1974 [cum
905 1912 1102 1958 consulis
1124 1910 1385 1974 abolitione]
1409 1912 1604 1958 decreta.

282 1979 362 2026 Ne
383 1985 532 2026 tamen
559 1978 720 2040 publici
743 1978 910 2025 doloris
932 1977 1089 2023 oculos
1120 1975 1301 2030 ferrent,
1334 1977 1382 2022 in
1414 1977 1602 2037 provin-

279 2044 372 2091 cias
410 2045 464 2090 ab
507 2044 584 2090 illo
625 2045 734 2105 ipso,
779 2058 913 2102 quem
954 2042 1220 2096 occiderant,
1256 2040 1441 2089 Caesare
1460 2040 1603 2096 datas,

191 2153 196 2156 .
279 2109 460 2170 Syriam
483 2117 529 2154 et
551 2107 882 2164 Macedoniam,
915 2114 1242 2153 concesserant.
1306 2106 1383 2151 Sic
1404 2105 1606 2152 vindicta

281 2172 480 2222 Caesaris
518 2173 652 2220 dilata
687 2173 836 2233 potius
873 2187 1007 2232 quam
1036 2185 1248 2233 oppressa
1278 2177 1361 2217 est.
1449 2167 1602 2231 Igitur

281 2236 486 2286 ordinatii
523 2237 668 2296 magis
713 2244 765 2281 ut
797 2243 985 2297 poterat,
1030 2251 1163 2296 quam
1202 2243 1253 2281 ut
1295 2234 1494 2288 debebat,
1530 2249 1602 2282 re-

277 2301 468 2364 publica,
509 2298 663 2346 relicto
685 2300 740 2346 ad
764 2299 902 2346 Urbis
923 2301 1181 2362 praesidium
1207 2299 1394 2360 Lepido,
1443 2297 1603 2346 Caesur

278 2381 384 2412 cum
420 2365 624 2412 Antonio
658 2365 706 2410 in
747 2363 955 2411 Cassium
990 2364 1275 2423 Brutumque
1310 2364 1605 2424 succingitur.

277 2429 368 2486 1111,
392 2430 657 2491 comparatis
677 2428 934 2490 ingentibus
948 2428 1099 2489 copiis,
1125 2429 1325 2474 eamdem
1336 2427 1476 2481 illam,
1494 2443 1602 2488 quae

275 2495 425 2542 fatalis
447 2493 593 2543 Cnaeo
616 2493 834 2554 Pompeio
851 2492 953 2546 fuit,
977 2507 1157 2538 arenam
1173 2493 1441 2538 insederant.
1506 2491 1602 2539 Sed

274 2575 361 2607 nec
384 2567 481 2607 tum
503 2557 782 2606 imminentis
809 2557 951 2604 eladis
980 2555 1217 2604 destinatae
1248 2557 1381 2620 signa
1410 2555 1603 2605 latuere.
