1838 2922
516 111 575 162 L
599 108 893 170 A.FL0R1⁴
923 109 1032 158 Lm.
1052 106 1149 158 111.
1183 71 1393 164 cusu.
1554 113 1616 160 77

276 244 447 293 ciorum
470 257 611 304 regno
634 239 883 289 niteretur?
951 241 1041 286 Sed
1062 241 1162 287 haec
1181 239 1278 302 ipsa
1297 241 1343 286 in
1364 238 1606 302 perniciem

274 307 503 354 redibant:
565 313 611 353 et
660 307 824 353 misera
866 305 1113 366 respublica
1154 306 1202 350 in
1242 305 1428 352 exitium
1476 321 1606 352 suum

271 387 447 419 merces
480 378 589 418 erat.
652 371 775 418 Nam
795 377 845 417 et
864 385 894 417 a
914 378 1076 417 senatu
1097 371 1144 416 in
1177 370 1373 430 equitem
1397 370 1610 421 translata

256 437 531 498 judiciorum
568 442 764 497 potestas
797 433 1050 495 vectigalia,
1091 434 1135 479 id
1157 441 1238 488 est,
1272 434 1446 496 imperii
1467 436 1604 496 patri.

266 502 487 555 monium,
538 501 863 563 supprimebat3
916 506 964 545 et
1020 503 1156 546 emtio
1204 498 1436 552 frumenti,
1477 500 1598 561 ipsos

262 566 516 628 reipublicae
560 581 736 618 nervos,
784 565 1071 610 exhauriebat
1121 566 1339 610 aerarium.
1422 561 1597 613 Reduci

260 630 389 691 plebs
420 632 466 677 in
494 645 631 692 agros
653 628 771 676 unde
790 634 968 690 poterat
996 629 1092 673 sine
1112 629 1434 688 possidentium
1467 643 1598 676 ever-

260 695 403 750 sione,
438 695 514 755 qui
550 695 632 754 ipsi
667 708 771 756 pars
803 693 956 756 populi
985 699 1110 738 erant
1123 692 1145 736 ἲ
1177 700 1226 739 et
1247 699 1397 740 tamen
1419 694 1596 742 relictas

260 759 346 807 sibi
366 775 395 806 a
414 759 653 821 majoribus
676 758 804 805 sedes
838 764 986 813 aetate,
1009 759 1136 818 quasi
1163 759 1269 820 Jure
1301 758 1594 818 haereditario,

260 824 566 886 possidebant.

770 939 918 990 cAP.
954 938 1098 987 xw.

518 1039 527 1052 ‘
601 1065 776 1114 &attio
816 1066 998 1112 Tiberia·
1034 1066 1249 1114 Gracchi.

323 1197 539 1245 Panum
558 1196 852 1244 certaminum
868 1194 1012 1242 facem
1034 1194 1241 1243 Tiberius
1263 1195 1498 1249 Gracchus
1513 1216 1588 1248 ao-

252 1262 419 1314 cendit‚
458 1277 637 1324 genere,
675 1259 836 1314 foi-md,
882 1259 1146 1322 eloquentia,
1190 1261 1321 1310 facile
1362 1265 1582 1327 princeps,

254 1327 347 1376 Sed
374 1327 461 1380 hic,
502 1327 598 1374 sive
636 1326 944 1372 Mancinianae
981 1326 1232 1381 deditionis,
1263 1328 1366 1388 quia
1397 1345 1588 1391 sponsor

250 1389 434 1438 soederis
454 1390 613 1444 fuerat,
650 1391 909 1452 contagium
939 1391 1116 1445 timens,
1139 1397 1186 1435 et
1205 1390 1310 1438 inde
1331 1394 1554 1455 popularis
1565 1411 1583 1454 3

251 1458 350 1505 sive
371 1471 501 1517 aequo
524 1464 570 1502 et
590 1456 709 1502 bono
730 1455 903 1509 ductus,
940 1454 1044 1514 quia
1073 1454 1299 1517 depulsam
1339 1459 1460 1519 agris
1493 1460 1587 1507 suis

247 1523 425 1585 plebem
448 1521 682 1569 miseratus
704 1527 785 1573 est,
810 1534 867 1564 ne
886 1519 1079 1580 populus
1099 1520 1302 1580 gentium
1323 1524 1482 1577 victor,
1509 1540 1585 1570 or.

248 1588 406 1648 bisque
426 1601 671 1648 possessor,
687 1584 851 1639 larjbus
872 1598 926 1628 ac
943 1582 1062 1629 focis
1078 1584 1169 1628 suis
1191 1585 1415 1633 exsularet
1426 1604 1442 1644 3
1467 1587 1582 1649 qua-

251 1666 444 1711 cumque
473 1656 638 1704 mente,
669 1664 762 1695 rem
786 1662 921 1695 ausus
942 1648 1174 1708 ingentem
1197 1664 1212 1704 ;
1245 1656 1480 1711 postquam
1508 1668 1583 1699 ro-

246 1717 443 1779 gationis
464 1715 559 1762 dies
580 1714 744 1767 aderat,
782 1711 957 1775 ingenti
988 1712 1178 1773 stipatus
1207 1715 1390 1775 agmine
1411 1715 1582 1766 Rostra

246 1781 536 1829 conscendit:
576 1795 659 1825 nec
694 1778 845 1840 deerat
876 1774 1008 1825 obvia
1039 1792 1176 1824 manu
1208 1785 1305 1826 tota
1325 1779 1429 1826 inde
1450 1782 1578 1828 nobi-

242 1848 362 1901 litas,
398 1853 447 1891 et
466 1845 629 1891 tribuni
651 1844 699 1890 in
720 1843 932 1905 partibus.
996 1841 1086 1889 Sed
1121 1842 1194 1889 ubi
1229 1844 1578 1895 intercedentem

241 1911 421 1972 legibus
441 1910 533 1956 suis
556 1907 749 1957 Cnaeum
767 1907 1008 1956 Octavium
1024 1908 1151 1954 videt
1171 1908 1434 1968 Gracchus;
1465 1927 1576 1959 con-

240 1984 316 2025 tra
334 1973 405 2021 fas
425 1973 617 2035 collegii,
642 1974 721 2036 jus
752 1974 998 2036 potestatis,
1029 1970 1193 2034 injecta
1226 1988 1376 2030 manu,
1409 1976 1578 2038 depulit

241 2040 439 2094 Rostris,
474 2040 673 2099 adeoque
707 2040 919 2100 praesenti
952 2044 1075 2084 metu
1097 2038 1256 2085 mortis
1275 2041 1504 2095 exterruit,
1529 2049 1580 2088 ut

240 2106 447 2155 abdicare
490 2119 539 2151 se
588 2103 851 2165 magistratu
905 2110 1156 2165 cogeretur.
1242 2103 1318 2150 Sic
1372 2104 1580 2153 triumvir

242 2177 419 2219 creatus
455 2168 701 2216 dividendis
731 2169 866 2230 agris,
901 2183 1006 2215 cum
1037 2168 1092 2215 ad
1112 2168 1406 2229 perpetranda
1426 2177 1576 2231 coepta

236 2236 315 2283 die
332 2234 615 2281 comitiorum
636 2233 869 2295 prorogari
906 2234 991 2279 sibi
1009 2232 1147 2280 venet
1175 2233 1424 2293 imperium,
1449 2232 1582 2281 obvia

238 2300 459 2348 nobilium
474 2313 628 2353 mann,
648 2313 891 2359 eorumque
905 2313 1019 2359 quos
1039 2297 1162 2359 agris
1175 2302 1395 2351 moverat,
1427 2298 1576 2347 caedes

244 2381 273 2413 a
290 2364 393 2414 soro
408 2365 558 2426 coepit.
626 2361 741 2409 Inde
765 2378 867 2409 cum
900 2363 948 2410 in
976 2360 1249 2422 Capitolium
1285 2360 1573 2425 profugisset,

240 2430 503 2492 plebemque
528 2428 588 2475 ad
616 2426 921 2475 defensionem
953 2426 1107 2475 salutis
1135 2440 1244 2479 suoe,
1281 2440 1418 2473 manu
1438 2435 1574 2491 caput

236 2502 451 2557 tangens,
468 2495 739 2548 hortaretur,
770 2493 960 2554 praebuit
989 2491 1181 2553 speciem
1213 2506 1403 2553 regnum
1425 2492 1577 2540 sibiet

234 2560 447 2607 diadema
472 2558 719 2621 poscentisz
758 2565 892 2619 atque
910 2558 987 2612 ita,
1010 2556 1126 2603 duce
1155 2555 1368 2617 Scipione
1388 2554 1572 2613 Nasica,

237 2624 465 2673 concitato
480 2624 529 2672 in
550 2638 677 2673 arma
692 2623 877 2689 populo,
898 2620 1026 2685 quasi
1037 2622 1142 2685 jure
1162 2635 1399 2689 oppressus
1419 2630 1503 2671 est.

1091 2698 1130 2733 n
1161 2689 1193 2733 3
