1838 2922
297 166 366 211 ’86
517 160 576 210 L.
599 162 660 210 Α.
683 157 891 210 FLORI
924 159 1033 208 Lm.
1052 158 1153 209 111.
1186 157 1305 209 Cn.
1327 164 1405 207 21.

297 299 518 347 evaserat,
551 292 678 353 quasi
721 293 958 353 captivam,
1004 292 1149 338 victor
1178 292 1355 337 insedit.
1416 288 1540 337 Tum
1574 306 1636 339 ex

231 376 234 383 *
302 357 510 406 consulto
555 358 735 405 senatus
779 357 1043 403 adversariis
1084 356 1287 403 hostibus
1319 355 1547 417 Judicatis‚
1586 359 1636 403 in

297 431 569 485 praesentem
587 424 825 475 tribunum,
857 422 1055 481 aliosque
1083 421 1273 477 diyersae
1293 420 1513 475 factionis,
1526 423 1638 483 Jure

303 490 512 535 saevitum
527 496 608 534 est.
635 488 834 533 Marium
857 486 1031 532 servilis
1051 485 1161 548 fuga
1181 486 1361 541 exemit,
1382 487 1523 531 immo
1539 486 1636 532 for·-

303 560 414 599 tuna
443 552 568 598 alteri
591 552 707 598 bello
734 552 991 598 reservavit.
1060 549 1271 597 Cornelio
1291 548 1452 605 Cinna,
1488 547 1639 599 Cnaeo

303 616 499 664 Octavio
522 617 789 667 consulibus,
823 616 941 661 male
974 616 1179 661 obrutum
1212 616 1456 661 resurrexit
1476 614 1637 661 incen-

303 683 441 735 dium,
463 688 510 728 et
533 681 710 741 quidem
735 682 790 726 ab
809 681 1009 741 ipsorum
1032 678 1262 733 discordia,
1287 695 1389 725 cum
1412 680 1468 725 de
1500 695 1637 727 revo-

301 746 467 801 candis,
507 761 619 806 quos
649 752 833 791 senatus
851 745 1004 790 hostes
1017 745 1309 805 judicaverat,
1333 745 1389 790 ad
1420 744 1639 806 populum

301 810 556 857 referretur.
621 808 785 857 cincta
805 810 982 869 quidem
997 809 1156 870 gladiis
1178 810 1411 865 concione,
1435 810 1513 855 sed
1535 809 1639 855 vin-

301 875 504 921 centibus
535 874 694 935 quibus
715 889 804 935 pax
833 880 878 920 et
906 874 1032 933 quies
1059 874 1223 935 potior,
1255 874 1475 935 profugus
1494 872 1642 935 patria

300 938 384 987 flua
407 937 558 987 Cinna
584 938 788 1001 confugit
809 940 864 985 ad
883 945 1047 1000 partes.
1110 937 1251 984 Redit
1272 939 1325 983 ab
1348 935 1505 984 Afric&
1526 938 1639 985 Ma-

303 1005 397 1051 rius
413 1004 540 1051 clade
555 1006 720 1067 major:
758 1003 974 1063 siquidem
997 1018 1161 1057 carcer,
1179 1010 1363 1055 catenae,
1378 1002 1501 1063 suga,
1515 1004 1639 1049 exsi-

303 1070 428 1123 lium,
465 1068 830 1115 horrificaverant
857 1068 1137 1129 dignitatem.
1204 1066 1363 1128 Itaque
1394 1068 1450 1114 ad
1472 1080 1641 1115 nomen

305 1134 419 1179 tanti
449 1134 534 1179 viri
568 1134 659 1179 late
695 1133 1002 1179 concurritur:
1042 1132 1223 1179 servitIa
1257 1134 1361 1195 (pro
1382 1131 1507 1179 nefas
1523 1131 1563 1193 Ε)
1592 1140 1644 1181 et

303 1197 532 1259 ergastula
551 1204 806 1243 armantur:
845 1204 892 1242 et
911 1196 1043 1243 facile
1069 1198 1242 1243 invenit
1274 1198 1522 1243 exercitum
1550 1199 1641 1244 mi-

302 1277 380 1309 ser
399 1263 652 1324 imperator.
717 1259 878 1322 Itaque
898 1262 943 1308 vi
972 1262 1161 1323 patriam
1178 1278 1431 1324 reposcenS,
1458 1263 1577 1309 unde
1593 1264 1641 1309 vi

304 1324 451 1373 fuerat
467 1327 690 1389 expulsus,
713 1333 889 1387 poterat
903 1326 1044 1373 videri
1063 1329 1169 1388 jure
1185 1343 1333 1390 agere,
1356 1328 1439 1373 nisi
1455 1342 1637 1375 causam

307 1406 434 1438 suam
449 1390 625 1441 saevitia
645 1398 965 1454 corrumperet.
1002 1390 1217 1455 Sedpcum
1233 1391 1339 1439 Diis
1362 1393 1643 1440 hominibus-

303 1472 394 1519 que
421 1456 610 1505 infestus
641 1457 815 1514 rediret,
855 1458 1005 1504 statim
1034 1458 1179 1520 primo
1214 1458 1385 1519 impetu
1422 1457 1563 1506 cliens
1594 1465 1645 1506 et

303 1523 486 1570 alumna
521 1522 660 1570 Urbis
693 1523 824 1572 Ostia
855 1521 1049 1571 nefanda
1068 1531 1220 1586 strage
1240 1523 1459 1585 diripitur.
1521 1524 1643 1572 Mox

304 1588 354 1634 in
391 1587 564 1635 Urbem
609 1589 884 1652 quadruplici
928 1589 1111 1652 agmine
1153 1590 1358 1636 intratur.
1424 1587 1643 1638 Divisere

307 1654 460 1715 copias
483 1651 648 1710 Cinna,
673 1652 868 1712 Marius,
894 1651 1056 1708 Carbo,
1090 1653 1329 1700 Sertorius.
1396 1653 1493 1700 Hic
1514 1663 1643 1716 post-

305 1732 442 1778 quam
471 1733 632 1765 manus
676 1719 822 1764 omnis
868 1717 1047 1764 Octavii
1084 1718 1267 1780 depulsa
1308 1717 1342 1766 J
1343 1719 1519 1766 aniculo
1558 1727 1643 1776 est,

306 1783 458 1829 statim
495 1783 551 1829 ad
581 1783 833 1844 principum
872 1783 1043 1829 caedem
1088 1783 1219 1845 signo
1258 1783 1380 1840 dato,
1414 1784 1643 1845 aliquanto

305 1847 488 1900 saevius,
513 1863 646 1908 quam
676 1854 754 1893 aut
789 1848 838 1894 in
872 1846 1047 1894 Punica
1080 1856 1157 1894 aut
1190 1849 1235 1894 in
1273 1846 1499 1896 Cimbrica
1522 1850 1643 1904 urbe,

307 1912 506 1959 saevitur.
573 1911 750 1958 Octavii
773 1913 972 1959 consulis
994 1919 1127 1975 caput
1147 1929 1229 1974 pro
1251 1912 1434 1960 Rostris
1456 1915 1645 1976 exponi-

305 1983 409 2032 tur3
460 1976 652 2022 Antonii
689 1977 937 2024 consularis
978 1976 1027 2022 in
1072 1977 1211 2024 Marii
1247 1977 1387 2040 ipsius
1438 1980 1639 2027 mensis:

309 2039 516 2089 Caesares
549 2055 576 2087 a
609 2039 810 2088 Fimbria
835 2043 884 2088 in
915 2043 1150 2104 penatibus
1188 2043 1425 2090 domorum
1464 2059 1645 2092 suarum

307 2105 608 2152 trucidantur:
651 2104 821 2164 Crassi,
834 2116 962 2170 pater
982 2115 1029 2154 et
1048 2107 1179 2162 filius,
1196 2108 1243 2154 in
1265 2115 1423 2156 mutuo
1442 2109 1559 2156 alter
1580 2110 1646 2156 al-

307 2171 446 2217 terius
463 2171 688 2232 adspectu.
723 2170 930 2219 Baebium
954 2180 1087 2234 atque
1108 2173 1419 2220 Numitorium
1444 2189 1527 2235 per
1546 2190 1640 2222 me·

308 2235 430 2280 dium
463 2234 614 2282 forum
653 2237 756 2284 unci
793 2235 971 2284 traxere
1015 2237 1287 2284 carnificum.
1362 2235 1559 2286 Catulus
1596 2255 1648 2290 se

307 2299 428 2362 ignis
443 2300 606 2348 haustu
626 2301 814 2348 ludibrio
831 2303 1028 2350 hostium
1052 2304 1232 2350 exemit.
1266 2302 1463 2358 Merula,
1478 2303 1647 2352 flamen

307 2362 476 2418 Diali-s,
519 2367 567 2412 in
613 2364 844 2428 Capitolio
881 2367 1014 2416 Jovis
1057 2369 1197 2430 ipsius
1235 2369 1390 2416 oculos
1427 2383 1646 2416 venarum

256 2476 263 2480 ,
308 2442 468 2476 eruore
501 2433 723 2494 respersit.
787 2431 1059 2487 Ancharius,
1103 2434 1200 2495 ipso
1246 2434 1431 2482 vidente
1478 2433 1647 2490 Mario,

308 2492 542 2541 confossus
563 2502 649 2552 est,
671 2496 776 2557 quia
792 2496 973 2544 fatalem
1002 2498 1123 2546 inam
1156 2497 1327 2545 scilicet
1346 2513 1529 2546 manum
1554 2515 1647 2548 non

305 2567 567 2619 porrexerat
601 2561 828 2608 salutanti.
892 2561 1017 2610 Haec
1039 2570 1109 2610 tot
1130 2562 1313 2610 senatus
1332 2563 1492 2612 funera
1529 2565 1648 2612 intra

306 2620 534 2671 edendas
557 2631 604 2672 et
626 2623 736 2675 Idus
757 2625 960 2680 Januazii
990 2629 1159 2676 mensis
1184 2628 1373 2692 septima
1406 2629 1483 2676 illa
1506 2628 1647 2682 Marii
