1838 2922
312 126 411 176 ioo
557 125 616 174 L.
640 129 702 175 A.
722 123 932 177 FLOR!
963 122 1068 175 Lu.
1091 121 1182 174 Ν.
1211 123 1332 176 Cn.
1353 131 1400 175 2.

314 253 487 304 Cesar.
549 255 679 303 Nihil
710 271 826 324 περ,
850 256 972 304 inter
1004 253 1275 304 Huni-saliam
1307 262 1355 304 et
1390 254 1640 319 Thapson,

314 321 402 368 nisi
424 321 543 382 quod
564 322 762 384 amplior,
784 336 928 382 eoque
949 322 1092 368 acrior
1115 320 1474 369 Caesarianorum
1491 322 1641 382 impo-

314 390 393 432 tus
412 383 510 441 fuit,
543 386 868 448 indignantium
901 394 1006 448 post
1028 385 1290 448 Pompeium
1323 387 1518 433 crevisse
1539 385 1640 432 bel-

316 449 431 497 lum.
496 449 710 511 Denique
734 450 875 514 (quod
896 452 1006 498 alias
1027 465 1251 512 nunquam
1274 457 1378 497 ante
1397 450 1642 512 imperium

310 513 463 575 ducis)
487 513 569 562 susi
588 522 747 577 sponte
768 516 900 578 signa
918 516 1194 562 cecinerunt.
1257 515 1443 577 Strages
1465 530 1492 562 a
1511 511 1639 563 Juba

317 580 471 642 coepit.
537 578 652 642 Ejus
682 579 917 642 elephanti,
951 579 1167 626 bellorum
1197 580 1342 634 rudes,
1374 587 1420 626 et
1441 594 1588 641 nuper
1611 593 1640 626 a

312 641 441 698 silva.
473 645 743 690 consternati
786 645 931 692 subito
953 645 1165 707 clangore
1179 661 1194 691 ι
1230 645 1379 690 statim
1401 651 1449 690 et
1479 645 1528 690 in
1561 642 1637 690 fu·

314 721 423 770 gam
444 709 689 765 exercituin
714 705 807 773 [et]
830 709 966 756 duces
986 709 1157 763 fortius,
1179 723 1312 771 quam
1333 715 1386 755 ut
1403 707 1638 771 sugerent.

314 786 411 820 non
435 771 722 834 inconspicua
740 781 889 820 tamen
913 781 1057 821 morte
1078 775 1293 821 omnium.
1357 772 1462 821 Jam
1482 773 1638 834 Scipio

314 851 431 884 nave
450 835 677 900 fugiebat:
717 838 815 893 sed,
838 839 1056 886 assecutis
1071 853 1174 886 eum
1199 838 1410 892 hostibus,
1433 837 1640 899 gladium

310 915 391 964 per
411 902 584 951 viscera
604 904 777 964 exegit:
806 910 863 958 et,
888 903 962 950 ubi
983 900 1332 964 essen'quodam
1347 903 1632 964 requirente3

310 967 541 1028 respondit
572 969 657 1015 hoc
693 968 853 1030 ipsum,
886 971 921 997 ‘⁴
937 967 1066 1016 Bene
1097 984 1146 1016 se
1179 969 1310 1014 habet
1338 963 1630 1028 imperator-'³

310 1028 443 1086 Juba,
467 1047 569 1078 cum
592 1049 642 1078 se
663 1033 899 1094 recepisset
921 1033 968 1079 in
991 1034 1175 1094 regiam,
1211 1030 1450 1094 magnifice
1467 1032 1631 1093 epula-

311 1101 387 1140 tus
408 1102 477 1142 est
496 1104 677 1157 postero
699 1097 771 1143 die
802 1112 903 1143 cum
930 1097 1110 1144 Petreio
1129 1097 1252 1160 fugae
1273 1097 1450 1151 comite.
1475 1111 1634 1157 super·

308 1173 401 1220 que
436 1175 615 1207 mensas
646 1168 694 1206 et
728 1162 889 1222 pocula
917 1161 1270 1208 interficiendum
1293 1176 1343 1208 se
1363 1155 1404 1207 ei
1426 1161 1634 1222 praebuit.

308 1221 397 1270 Ille
428 1229 475 1270 et
506 1225 603 1286 regi
634 1224 808 1272 suffecit
844 1233 891 1272 et
923 1227 1035 1273 sibit
1075 1242 1177 1274 cum
1201 1226 1376 1274 interim
1399 1225 1562 1271 semesi
1585 1225 1633 1271 in

308 1283 463 1335 medio
483 1289 582 1343 eibi,
615 1296 662 1336 et
681 1291 924 1352 parentalia
947 1291 1128 1345 fercula,
1154 1291 1280 1353 regio
1302 1289 1434 1336 simul
1456 1288 1636 1337 Roma-

308 1366 459 1414 noque
478 1355 699 1416 sanguine
717 1355 966 1402 madebant.
1023 1354 1142 1405 Cato
1164 1371 1254 1402 non
1267 1353 1468 1401 interfuit
1481 1354 1628 1400 bello:

308 1418 556 1481 positisque
588 1421 704 1483 apud
746 1419 1002 1483 Bagradam
1046 1420 1216 1475 castris,
1258 1419 1454 1474 Uticam,
1505 1419 1632 1466 velut

306 1483 447 1531 altera
475 1484 645 1532 Afrieae
674 1486 876 1541 claustra,
901 1487 1118 1533 servabat.
1185 1484 1289 1539 Sed,
1324 1482 1508 1545 accepta
1526 1499 1632 1545 par-

308 1548 423 1595 tium
445 1549 583 1605 clade,
616 1550 726 1597 nihil
747 1558 994 1605 cunctatus,
1017 1559 1068 1597 ut
1090 1550 1288 1611 sapiente
1308 1550 1495 1610 dignum
1519 1558 1631 1603 erat,

308 1620 502 1660 mortem
524 1615 657 1661 etiam
680 1615 811 1661 laetus
832 1616 1008 1662 accivit.
1071 1614 1206 1668 Nam,
1226 1622 1462 1675 postquam
1483 1611 1628 1659 filium

308 1679 585 1739 comitesque
606 1680 661 1725 ab
680 1680 889 1741 amplexu
910 1680 1091 1734 dimisit,
1128 1676 1198 1742 [in
1232 1677 1385 1741 nocte]
1424 1677 1545 1723 lecto
1567 1676 1627 1724 ad

306 1740 535 1789 lucernam
561 1742 765 1789 Platonis
786 1744 908 1799 libro,
944 1744 1022 1805 qui
1056 1743 1432 1790 immortalitatem
1461 1743 1630 1789 unium

306 1806 454 1859 docet,
474 1806 701 1869 paululum
723 1808 919 1867 quievit:
957 1816 1055 1854 tum
1077 1809 1195 1855 circa
1213 1808 1400 1870 primam
1421 1806 1626 1868 vigiliam

308 1870 467 1917 stricto
486 1871 637 1933 gladio
660 1872 903 1919 revelatum
933 1887 1068 1919 manu
1098 1880 1254 1934 peetus
1276 1870 1416 1918 semel
1436 1871 1626 1917 iterum·

305 1948 397 1995 que
424 1936 656 1995 percussit.
721 1936 835 1983 Ausi
869 1944 972 1999 post
1003 1938 1086 1985 hoc
1108 1937 1252 1983 virum
1274 1934 1435 1981 medici
1458 1935 1630 1984 violare

305 1998 532 2046 fomentis.
597 1998 683 2047 Ille
714 2014 883 2061 passus,
916 2002 1022 2048 dum
1057 2000 1356 2048 abscederent.
1419 1998 1628 2047 Rescidit

304 2064 490 2127 plagam
524 2073 765 2125 secutaque
787 2062 903 2129 [vis]
921 2066 1154 2127 sanguinis
1171 2065 1454 2112 moribundas
1467 2078 1628 2111 manus

304 2128 351 2175 in
387 2128 484 2191 ipso
524 2129 707 2176 vulnere
744 2130 934 2191 reliquit.
999 2130 1142 2185 Quasi
1175 2145 1265 2177 non
1297 2137 1417 2177 esset
1437 2144 1626 2189 usquam

306 2194 579 2249 dimicatum,
624 2194 687 2239 sic
724 2208 848 2242 arma
885 2210 1038 2242 rursus
1073 2205 1120 2241 et
1152 2202 1330 2257 partes:
1370 2200 1626 2253 quantoque

307 2257 465 2305 Africa
501 2274 633 2321 supra
652 2257 944 2314 Thessaliam,
982 2266 1110 2306 tanto
1148 2259 1350 2305 Africam
1389 2254 1626 2319 superabat

307 2320 545 2383 Hispania.
616 2322 865 2370 Plurimum
895 2331 1112 2384 quantum
1139 2324 1306 2370 favoris
1325 2322 1524 2385 partibus
1545 2322 1625 2369 da-

304 2386 381 2433 bat
416 2386 669 2434 fraternitas
706 2389 883 2442 ducum,
922 2394 970 2433 et
989 2402 1070 2449 pro
1094 2404 1184 2435 uno
1206 2388 1319 2435 duos
1341 2395 1460 2433 stare
1482 2384 1625 2433 Pom·

303 2449 443 2509 peios.
510 2449 669 2511 Itaque
698 2466 917 2513 nusquam
954 2454 1164 2506 atrocius,
1195 2467 1280 2498 nec
1313 2458 1407 2497 tam
1441 2449 1626 2511 ancipiti

260 2533 287 2564 χ
305 2512 477 2570 Marte,
497 2529 765 2562 concursum
787 2524 870 2563 est.
939 2514 1143 2563 Primum
1159 2518 1206 2562 in
1226 2517 1326 2577 ipso
1341 2514 1460 2562 ostio
1477 2513 1624 2563 oeen-

294 2575 353 2657 ᾗ
386 2574 537 2625 Varus
572 2577 827 2641 Didiusque
864 2580 1006 2643 legati
1039 2576 1317 2629 conflixerez
1354 2579 1436 2628 sed
1479 2579 1626 2631 acrius
