1838 2922
434 128 495 179 L.
512 129 575 179 A.
598 129 806 185 FLQRI
839 130 947 187 Lm.
967 129 1066 180 111.
1097 129 1222 181 Car.
1244 137 1323 182 21.
1477 137 1544 183 ⁸⁷

204 261 972 392 ἱᾛῧὲξῗὲἑξεαρᾋῖῑῗέἓῖἳἍ
979 262 1542 389 ἓέἓηῗςῖιῗῖἳηξὶῗῖἐὶῗ

202 393 370 440 tertius
384 392 463 439 ille
483 391 613 439 turbo
635 393 781 438 civilis
800 393 990 439 insaniae
1016 400 1116 439 toto
1134 391 1288 439 furore
1309 393 1532 441 detonuitx

205 458 371 520 quippe
384 473 487 504 cum
510 458 614 504 hinc
638 465 739 504 octo
759 457 966 519 legiones
987 465 1032 503 et
1047 457 1312 519 quingentae
1331 457 1540 506 cohortes

140 521 143 523 ’
204 529 379 569 starent
406 525 452 568 in
473 523 623 576 armis,
660 523 766 568 inde
798 524 853 568 ab
884 520 998 574 Asia
1019 537 1123 568 cum
1146 522 1316 568 victore
1339 522 1540 570 exercitu

206 586 335 634 Sulla
348 594 616 649 properaret.
682 587 749 634 Et
770 603 879 633 sane
900 601 1004 632 cum
1026 593 1116 634 tam
1130 587 1251 633 serus
1267 588 1312 632 in
1328 587 1540 634 Sullanos

204 651 389 699 Marius
409 652 579 708 fuisset,
612 651 780 712 quanta
800 650 976 698 saevitia
995 666 1108 713 opus
1129 659 1238 705 erat,
1264 659 1313 698 ut
1337 651 1462 699 Sulla
1485 652 1544 699 de

204 715 360 764 Mario
398 717 724 765 vindicaretur!
808 716 1013 763 Primum
1058 717 1174 778 apud
1215 715 1418 779 Capuam
1457 717 1540 763 sub

203 795 339 828 amne
360 781 590 828 Vulturno
612 782 743 844 signa
764 787 1062 828 concurrunt:
1102 791 1149 827 et
1167 782 1320 828 statim
1335 781 1540 828 Norbani

200 845 333 893 fusus
346 847 591 893 exercitus:
632 847 781 894 statim
794 862 952 893 omnes
966 846 1188 907 Scipionis
1210 847 1364 908 copiae,
1388 854 1542 895 osten-

202 909 303 957 tata
323 925 402 972 spe
433 910 567 972 pacis,
598 927 837 974 oppressae.
900 909 1023 957 Tum
1059 911 1238 957 Marius
1263 912 1459 973 *iuvenis
1493 918 1539 957 et

206 973 375 1030 Carbo,
411 976 629 1033 consules,
671 977 797 1037 quasi
829 975 1062 1038 desperata
1083 974 1286 1033 victoria,
1324 991 1380 1021 ne
1411 976 1544 1021 inulti.

201 1041 414 1102 perirent,
448 1041 495 1086 in
516 1049 797 1088 antecessum
819 1041 1040 1102 sanguine
1072 1041 1256 1087 senatus
1277 1041 1358 1086 sibi
1379 1055 1540 1102 paren-

201 1107 381 1152 tabant:
422 1104 687 1166 obsessaque
709 1104 843 1160 curia,
869 1106 934 1151 sic
956 1106 1012 1151 de
1033 1114 1205 1160 senatu,
1223 1105 1348 1166 quasi
1371 1105 1427 1151 de
1441 1120 1540 1152 car-

203 1185 321 1226 cere,
365 1171 439 1232 qui
474 1171 803 1234 jugularentur,
838 1171 1002 1216 educti.
1084 1171 1210 1224 Quid
1247 1169 1455 1216 funerum
1493 1171 1543 1216 in

198 1233 319 1293 foro,
342 1236 390 1282 in
406 1237 538 1288 circo,
575 1236 622 1281 in
642 1235 897 1298 patentibus
917 1235 1124 1296 templis!
1195 1234 1318 1281 Nam
1344 1235 1546 1289 Quintus

202 1299 392 1347 Mucius
429 1301 638 1347 Scaevola
674 1299 891 1362 pontifex,
914 1299 1126 1347 Vestales
1155 1300 1388 1362 amplexus
1421 1314 1536 1355 aras,

201 1372 379 1411 tantum
417 1380 507 1411 non
547 1365 705 1411 eodem
738 1366 846 1426 igne
879 1365 1106 1426 sepelitur.
1170 1364 1450 1425 Lamponius
1473 1371 1546 1410 at-

198 1444 289 1491 que
310 1427 563 1483 Telesinus,
586 1429 840 1476 Samnitum
875 1429 1026 1485 duceS,
1062 1430 1256 1477 atrocius
1293 1427 1473 1489 Pyrrho
1495 1436 1546 1477 et

198 1494 461 1542 Hannibale
498 1494 789 1556 Campaniam
806 1494 1128 1554 Etruriamque
1150 1495 1448 1555 populantur3
1485 1503 1547 1549 et.

196 1560 283 1608 sub
298 1561 449 1623 specie
466 1560 674 1622 partium,
698 1574 749 1605 se
770 1559 1016 1605 vindicant.
1077 1559 1213 1622 Apud
1238 1560 1544 1621 Sacriportum

200 1623 520 1685 Collinamque
541 1632 715 1686 portam
746 1624 978 1671 debellatae
993 1637 1150 1669 omnes
1167 1624 1362 1670 hostium
1385 1625 1544 1686 copiae·

198 1688 272 1737 Ibi
291 1691 483 1746 Marius,
508 1692 579 1737 hic
602 1689 843 1736 Telesinus
865 1689 1081 1751 oppressi.
1123 1679 1366 1743 Necidem
1388 1696 1542 1736 tamen

199 1756 407 1811 eaedium,
432 1757 507 1817 qui
530 1755 647 1810 belli,
671 1754 775 1802 finis
798 1754 899 1801 fuit.
968 1754 1121 1821 Stricti
1143 1755 1264 1800 enim
1286 1760 1334 1800 et
1361 1754 1409 1799 in
1431 1768 1542 1815 pace

197 1821 365 1883 gladii;
404 1822 851 1882 animadversumque
872 1820 919 1865 in
951 1836 1048 1874 eos,
1067 1820 1141 1880 qui
1165 1834 1215 1865 se
1237 1827 1396 1881 sponte
1417 1819 1543 1865 dedi-

197 1884 373 1932 derant.
438 1886 599 1933 Minus
621 1894 704 1942 est,
728 1886 847 1947 quod
868 1885 988 1947 apud
1011 1884 1330 1947 Sacriportum,
1354 1890 1402 1931 et
1423 1884 1542 1947 apud

196 1948 427 1999 Collinam
461 1960 648 2015 portam,
688 1952 974 2013 septuaginta
1009 1950 1200 2013 amplius
1241 1949 1380 1996 millia
1418 1948 1546 1996 Sulla

196 2016 421 2064 concidit:
459 2016 627 2064 bellum
672 2026 779 2063 erat.
862 2014 1070 2069 Quatuor
1107 2015 1248 2061 millia
1290 2014 1544 2061 deditorum

196 2082 438 2129 inermium
462 2083 627 2129 civium
650 2083 696 2129 in
720 2080 827 2128 villa
846 2079 1022 2143 publica
1039 2080 1228 2127 interfici
1241 2079 1396 2142 jussit.
1455 2076 1545 2124 Isti

197 2153 271 2193 tot
294 2147 341 2193 in
362 2162 483 2210 pace,
516 2162 606 2193 non
635 2147 787 2209 plures
813 2146 947 2193 sunt?
982 2148 1082 2207 quis
1098 2153 1248 2193 autem
1270 2144 1372 2190 illos
1393 2149 1546 2205 potest

198 2220 474 2274 computare,
508 2228 621 2273 quos
642 2213 691 2257 in
709 2211 837 2258 Urbe
855 2212 1036 2273 passim,
1059 2211 1258 2274 quisquis
1279 2209 1438 2263 voluit,
1462 2223 1544 2254 oc·

198 2276 346 2325 cidit?
380 2278 540 2335 donec,
582 2277 851 2325 admonente
887 2276 1100 2331 Furfidio,
1135 2274 1345 2322 “Vivere
1372 2271 1545 2333 aliquos

200 2343 377 2396 debere,
403 2350 455 2388 ut
474 2350 639 2397 essent,
670 2343 831 2403 quibus
852 2342 1124 2403 imperarent
1139 2338 1191 2396 ;”
1225 2338 1454 2401 proposita
1473 2342 1547 2383 est

196 2408 365 2469 ingens
386 2407 462 2454 illa
483 2408 660 2465 tabula3
696 2415 741 2453 et
774 2422 832 2453 ex
868 2408 967 2468 ipso
1000 2404 1220 2465 equestris
1241 2403 1412 2450 ordinis
1432 2400 1546 2450 flore

198 2486 255 2519 ac
289 2472 483 2527 senatos,
516 2473 605 2519 duo
637 2471 777 2518 millia
814 2472 959 2525 electi,
996 2472 1074 2530 qui
1107 2468 1224 2515 mori
1246 2468 1538 2530 juberenturr
1581 2514 1588 2523 ,

199 2537 311 2583 novi
328 2538 507 2598 generis
528 2538 739 2583 edictum.
804 2534 946 2598 Piget
962 2542 1068 2596 post
1095 2535 1192 2581 haec
1225 2530 1404 2586 referte,
1427 2531 1546 2577 ludi·

195 2601 301 2649 brie
320 2602 469 2649 habita
486 2599 581 2646 fata
596 2598 847 2655 Carbonis;
880 2600 978 2647 fata
989 2599 1150 2645 Sorani
1171 2597 1390 2658 praetoris,
1411 2604 1551 2658 atque
