1838 2922
277 138 347 191 76
507 138 566 187 1..
589 139 648 188 A.
671 136 880 188 FLORI
911 137 1019 187 Lu·
1034 134 1135 189 111.
1168 138 1286 190 Cu.
1308 144 1387 190 133

279 268 436 317 vulsus
457 284 484 316 a
504 276 662 317 senatu
686 284 838 331 eques,
861 269 947 316 nisi
972 284 1031 316 ex
1054 269 1251 325 avaritia,
1290 276 1343 317 ut
1372 268 1613 333 vectigalia

281 335 549 397 reipublicae,
572 341 707 395 atque
727 336 825 395 ipsa
836 334 1019 395 judicia,
1045 334 1090 379 in
1120 342 1295 396 quaestu
1311 335 1611 382 haberentur?

280 396 411 511 113
447 415 600 447 rursus
637 406 684 446 et
715 398 935 461 promissa
966 398 1122 445 civitas
1154 398 1321 457 Lati03
1356 406 1403 446 et
1422 415 1503 461 per
1525 400 1614 447 hoc

281 478 310 511 a
431 465 669 511 sociorum.
733 462 858 517 Quid
900 469 1049 510 autem
1092 463 1209 511 bella
1244 464 1423 512 servilia
1436 462 1459 509 ?
1493 464 1613 511 unde

280 530 425 583 nobis,
447 528 532 577 nisi
545 543 602 575 ex
626 520 895 574 abundantia
913 527 1213 575 familiarum?
1279 526 1418 575 Unde
1438 527 1613 591 gladia-

281 594 383 641 torii
405 594 616 641 adversus
639 592 842 639 dominos
865 608 971 639 suos
992 592 1225 647 exercitus,
1249 592 1334 639 nisi
1355 593 1412 639 ad
1427 592 1615 639 concili-

277 658 445 705 andum
465 658 606 719 plebis
626 655 825 704 favorem
847 656 987 704 effusa
1006 657 1199 719 largitio,
1218 672 1321 703 cum
1350 657 1616 719 spectaculis

277 721 496 785 indulget,
533 722 746 785 supplicia
789 722 1013 784 quondam
1044 721 1246 773 ⁴hostium
1285 730 1425 767 artem
1468 720 1613 767 facit?

279 786 386 836 Jam
419 793 476 833 ut
503 787 770 849 speciosiora
805 786 915 832 vitia
950 794 1201 848 tangamus,
1235 800 1385 833 nonne
1420 786 1613 833 ambitus

278 852 500 898 honorum
534 852 589 898 ab
619 852 775 898 iisdem
819 850 985 897 divitiis
1016 849 1261 897 incitatus?
1334 850 1475 911 Atqui
1508 850 1614 897 inde

277 914 502 971 Mariana,
537 915 642 963 inde
680 916 858 963 Sullana
897 922 1151 977 tempestas.
1214 915 1313 962 Aut
1348 914 1615 976 magnificus

279 986 517 1043 apparatus
554 980 876 1033 conviviorum,
907 987 955 1026 et
986 988 1217 1027 sumtuosa
1245 980 1437 1041 largitio,
1460 992 1615 1026 nonne

279 1046 336 1093 ab
357 1043 582 1107 opulentia
603 1042 929 1112 paritura-mox
948 1044 1232 1105 egestatem?
1298 1042 1419 1090 Haec
1450 1041 1613 1091 Catili-

226 1115 240 1129 *
278 1122 383 1157 nam
405 1110 560 1171 patriae
582 1123 676 1155 suae
707 1108 908 1170 impegit.
973 1108 1187 1169 Denique
1215 1108 1291 1155 illa
1319 1108 1415 1169 ipsa
1446 1108 1614 1169 princi-

277 1174 408 1237 patus
424 1180 471 1219 et
491 1173 746 1220 dominandi
781 1172 956 1235 cupido,
984 1173 1113 1229 unde,
1135 1174 1221 1220 nisi
1242 1186 1302 1219 ex
1328 1173 1477 1219 nimiis
1510 1172 1611 1233 opi-

276 1238 375 1293 bus,
397 1237 559 1284 venit?
624 1238 767 1297 Atqui
795 1237 894 1283 haec
926 1235 1153 1286 Caesarem
1176 1244 1311 1299 atque
1342 1235 1611 1299 Pompeium

277 1302 507 1349 furialibus
527 1302 574 1347 in
597 1302 782 1349 exitium
803 1302 1056 1363 reipublicae
1070 1302 1240 1349 facibus
1256 1301 1457 1349 armavit.
1504 1300 1617 1348 Hos

277 1366 418 1429 igitur
437 1366 589 1429 populi
609 1366 808 1413 Romani
829 1382 987 1414 omnes
1008 1368 1278 1414 domesticos
1297 1372 1459 1421 motus,
1482 1380 1617 1427 sepa-

275 1437 404 1480 ratos
437 1431 492 1478 ab
523 1431 722 1488 externis
745 1432 971 1496 justisque
1000 1431 1142 1488 bellis,
1180 1444 1239 1480 ex
1266 1430 1421 1478 ordine
1453 1444 1611 1494 prose-⁴

281 1510 484 1562 quemur.

781 1685 931 1736 CAP.
961 1684 1111 1733 XIII.

426 1816 582 1865 Causa
613 1817 902 1864 &ditionum
942 1813 1213 1863 Tribunicio:
1248 1819 1473 1868 Potestas.

343 1942 652 1993 Summi-mu
697 1945 896 1992 omnium
940 1959 1097 1992 causas
1138 1946 1371 1994 tribunicia
1411 1953 1615 2009 potestas

277 2009 516 2068 excitavit3
550 2025 668 2070 quae,
699 2009 850 2071 specle
877 2009 1057 2069 quidem
1076 2009 1217 2071 plebis
1251 2012 1445 2068 tuendaev
1482 2014 1614 2074 cuius

281 2073 332 2120 in
353 2075 568 2122 auxilium
600 2080 854 2134 comparata
874 2083 957 2128 est,
992 2088 1041 2119 re
1071 2080 1221 2122 autem
1254 2076 1612 2125 dominationem

277 2138 363 2186 sibi
399 2139 644 2200 acquirens,
681 2137 876 2184 studium
907 2139 1059 2200 populi
1089 2153 1142 2185 ae
1174 2139 1375 2188 favorem
1409 2141 1612 2204 agrariis.

275 2200 595 2256 frumentariis,
615 2201 862 2264 judiciariis
883 2202 1059 2264 legibus
1081 2206 1393 2266 aucupabatur.
1456 2204 1617 2253 Inerat

277 2268 484 2314 omnibus
513 2266 684 2328 species
717 2267 969 2327 aequitatis:
1008 2268 1117 2332 quid
1146 2270 1267 2316 enim
1302 2277 1393 2316 tam
1416 2270 1609 2332 justum,

275 2345 411 2392 quam
432 2331 626 2394 recipere
644 2330 818 2393 plebem
825 2332 904 2393 jus
928 2347 1058 2380 suum
1080 2348 1107 2380 a
1124 2332 1364 2382 Patribus?
1385 2350 1444 2382 ne
1464 2349 1611 2396 popu-

275 2395 361 2450 lus,
377 2395 580 2457 gentium
603 2395 762 2452 victor,
791 2397 999 2457 orbisque
1030 2413 1274 2460 possessor,
1296 2399 1488 2446 extorris
1519 2400 1613 2446 aris

277 2473 331 2506 ac
359 2458 474 2506 focis
505 2467 672 2522 ageret.
739 2460 866 2515 Quid
893 2467 986 2509 tam
1018 2478 1211 2525 aequum,
1252 2479 1383 2525 quam
1424 2464 1610 2526 inopem

275 2523 488 2586 populum
505 2525 657 2572 vivere
677 2539 737 2572 ex
757 2527 915 2573 aerario
938 2526 1055 2574 suo?
1122 2527 1245 2582 Quid
1266 2529 1406 2590 adjus
1426 2529 1611 2576 liberta-

275 2587 338 2634 tis
360 2584 634 2653 [aequandae]
658 2590 804 2652 magis
821 2590 994 2647 efficax,
1008 2607 1141 2652 quam
1160 2600 1222 2649 ut,
1246 2600 1403 2640 senatu
1420 2600 1615 2654 regente

275 2653 539 2718 provincias,
575 2654 746 2702 ordinis
781 2657 1000 2717 equestris
1030 2657 1275 2706 auctoritas
1294 2655 1456 2707 saltem<
1482 2656 1613 2721 judi-
