1838 2922
476 162 538 210 L.
556 142 619 209 Α.
638 158 850 211 nom
881 161 990 211 Lu.
1009 160 1054 211 1.
1087 162 1208 213 cn.
1229 168 1276 211 ε.
1338 231 1347 240 ,
1509 168 1544 211 9

212 288 393 341 Placuit
412 292 585 339 vatibus
606 294 885 341 contumacia
906 293 1155 348 numinum,
1179 291 1394 353 siquidem
1413 290 1542 340 firma

214 356 365 403 omnia
400 363 447 402 et
484 364 649 403 aeterna
686 358 1020 418 pollicebantur.
1089 358 1179 404 Sed
1210 356 1318 403 illud
1349 357 1538 403 horren-

212 420 333 474 dum,
363 420 483 481 quod
511 422 793 468 molientibus
822 422 964 468 aedem
990 422 1036 467 in
1058 420 1358 467 fundamentis
1376 422 1538 467 huma-

211 499 321 530 num
338 492 560 545 repertum
578 493 647 532 est
662 495 817 547 caput3
847 501 929 532 nec
946 483 1202 534 dubitavere
1218 486 1380 539 cuncti,
1405 500 1538 531 mon·

212 554 355 594 strum
367 549 895 611 pulcherrim'um‘imperii
907 552 1076 604 sedem,
1089 558 1308 613 caputque
1321 564 1536 595 terrarum

209 613 484 673 promittere.
546 613 741 660 Tamdiu
776 616 1023 674 superbiam
1062 615 1182 675 regis
1215 614 1404 675 populus
1435 612 1536 659 Ro-

208 676 371 723 manus
392 686 635 740 'perpessus
668 680 749 729 est,
785 678 927 723 donec
957 680 1103 724 aberat
1130 678 1288 725 libido:
1312 679 1446 723 banc
1479 692 1538 723 ex

116 780 121 785 .
206 740 361 786 liberis
380 743 477 802 eJus
496 744 873 803 importunitatem
896 744 1090 789 tolerare
1106 758 1196 789 non
1216 742 1362 803 potuit
1375 760 1396 787 ε.
1425 755 1540 802 quo-

206 818 309 850 rum
332 820 435 851 cum
458 806 569 852 alter
586 807 879 853 ornatissimae
894 806 1074 853 feminae
1091 806 1316 853 Lucretiae
1333 813 1538 868 stuprum

207 868 447 922 intulisset,
472 878 676 917 matrona
696 872 887 918 dedecus
906 871 1030 919 ferro
1044 872 1254 934 expiavit.
1287 870 1536 933 Imperium

208 937 307 978 tum
330 932 511 995 regibus
531 935 807 997 abrogatum.

704 1127 849 1177 CAP.
884 1126 1032 1177 vm.

413 1255 814 1318 Amcephalaeost's
836 1260 892 1305 de
912 1264 1082 1317 septem
1107 1258 1326 1317 Regibus.

270 1382 401 1430 Hac
424 1391 493 1431 est
514 1386 655 1448 prima
676 1393 785 1433 zetas
806 1388 960 1448 populi
989 1385 1200 1441 Romani,
1231 1393 1277 1433 et
1305 1386 1428 1447 quasi
1457 1385 1530 1433 in-

200 1446 353 1504 flantia,
377 1463 511 1509 quam
530 1450 683 1497 habuit
704 1452 785 1498 sub
808 1452 988 1513 regibus
1005 1458 1190 1512 septem,
1210 1448 1398 1512 quadam
1411 1450 1531 1498 fato-

201 1527 301 1558 rum
324 1512 552 1568 industria,
580 1522 671 1560 tam
692 1517 826 1561 variis
848 1515 1046 1576 ingenio,
1069 1524 1120 1560 ut
1143 1516 1396 1576 reipublicae
1415 1517 1534 1562 ratio

200 1583 249 1623 et
270 1578 435 1624 utilitas
455 1578 719 1640 postulabat.
771 1577 893 1624 Nam
916 1579 1030 1639 quid·
1045 1579 1243 1624 Romulo
1265 1579 1526 1626 ardentius?

199 1641 280 1688 tali
316 1657 429 1704 opus
459 1641 561 1700 fuit,
601 1649 651 1688 ut
684 1643 913 1690 invaderet
945 1657 1149 1703 regnum.
1217 1643 1339 1696 Quid
1373 1640 1532 1688 Numa²

200 1705 479 1767 religiosius?
509 1708 571 1753 ita
586 1723 659 1754 rea
674 1709 889 1768 poposcit,
905 1713 962 1753 >ut
975 1707 1102 1752 ferox
1117 1707 1306 1768 populus
1319 1705 1528 1753 Deorum

198 1777 323 1815 metu
355 1771 648 1832 mitigaretur.
716 1772 839 1826 Quid
862 1773 940 1818 ille
960 1772 1131 1817 militiae
1153 1771 1311 1817 artifex
1333 1771 1527 1818 Tullus?

197 1833 481 1881 bellatoribus
504 1837 613 1882 viris
634 1851 765 1898 quam
784 1837 1071 1889 necessarius,
1097 1843 1146 1881 ut
1163 1843 1344 1882 acueret
1356 1837 1530 1882 ratione

196 1898 422 1945 virtutem.
465 1901 469 1905 ’
492 1899 615 1954 Quid
638 1899 876 1946 aedificator
907 1899 1099 1946 Ancus?
1134 1908 1182 1945 ut
1207 1900 1376 1946 Urbem
1401 1901 1526 1946 colo·

198 1959 275 2007 nii
294 1963 567 2016 extenderet,
590 1973 727 2025 ponte
736 1966 964 2027 jungeret,
989 1979 1119 2010 muro
1141 1973 1352 2010 tueretur.
1373 1986 1381 1992 -
1416 1963 1523 2012 Jam

194 2040 308 2072 vero
327 2025 557 2086 Tarquinii
580 2036 841 2074 ornamenta
860 2039 907 2074 et
933 2029 1127 2090 insignia
1153 2036 1362 2089 quantam
1392 2029 1518 2090 prin-

196 2090 283 2151 cipi
320 2092 483 2152 populo
519 2093 779 2138 addiderunt
816 2107 875 2138 ex
911 2094 1011 2152 ipso
1043 2093 1193 2138 habitu
1226 2091 1518 2153 dignitatem!

195 2154 344 2200 Actus
374 2170 401 2200 a
430 2155 588 2202 Servio
619 2171 779 2202 census
806 2157 909 2216 quid
943 2156 1116 2209 effecit‚·
1144 2157 1229 2202 nisi
1262 2164 1311 2202 ut
1342 2157 1436 2230 ipsa
1469 2171 1525 2202 se

196 2215 351 2264 ndsset
378 2219 655 2281 respublica?
722 2219 958 2266 Postremo
991 2221 1176 2282 Superbi
1203 2221 1322 2266 illius
1355 2233 1525 2279 impor-

194 2287 305 2328 tuna
320 2282 563 2329 dominatio
580 2285 793 2338 nonnihil,
820 2286 956 2331 immo
972 2285 1044 2330 vel
1061 2285 1316 2346 plurimum,
1339 2282 1520 2344 profuit.

198 2345 275 2392 Sic
308 2347 428 2392 enim
461 2347 667 2394 effectum
698 2355 781 2403 est,
821 2356 871 2395 ut
902 2350 1096 2410 agitatus
1128 2349 1300 2410 injuriis
1330 2347 1524 2414 populun

196 2410 437 2472 cupiditate
455 2411 670 2460 libertatis
688 2413 1013 2460 incenderetur.
