1838 2922
457 166 522 218 1„
539 168 602 218 A.
621 164 832 221 FLORI
864 168 971 219 Ln-
993 162 1091 219 111.
1126 164 1245 221 Car.
1268 160 1343 219 18‘.
1506 172 1575 221 εἰν

235 304 372 361 atque
395 294 652 362 Campania,
677 308 904 363 postremo
943 297 1088 356 Italia,
1122 306 1279 347 contra
1307 306 1494 349 matrem
1516 314 1577 349 ac

231 371 467 427 parentem
506 380 632 411 suam
680 364 852 412 UrBem
892 372 1246 428 consurgerent:
1286 380 1389 412 cum
1435 380 1573 413 omne

233 430 372 475 robur
391 427 739 477 fortissimorum
766 430 1216 491 fidelissimorumque
1239 428 1463 477 sociorum
1486 430 1571 479 sub

232 494 330 540 suis
351 493 536 555 quisque
557 494 700 556 signis
720 495 935 541 haberent
950 494 1233 557 municipalia
1249 494 1324 541 illa
1344 494 1575 557 prodigia=

233 556 480 618 Popaedius
517 558 727 617 Marsos3
769 565 818 605 et
855 558 1047 606 Latinos
1082 560 1322 617 Astanius3
1373 558 1574 606 Umbros

261 630 386 668 totus
409 624 603 678 senatus,
626 631 673 670 et
694 622 953 687 consulest]
980 624 1211 671 Samnium
1235 622 1577 685 Lucaniamque

227 710 233 715 ·
275 686 498 733 elesinus=
538 702 638 733 cum
674 702 833 751 regum
869 695 915 734 et
948 689 1153 749 gentium
1188 689 1348 735 arbiter
1380 688 1574 751 populus

231 752 381 813 ipsum
405 766 454 799 se
482 766 640 814 regere
671 767 763 799 non
785 759 955 813 posset,
987 759 1038 799 ut
1066 752 1229 800 victrix
1259 753 1387 800 Asiae
1418 752 1571 801 Euro·

231 829 394 877 paeque
429 830 458 862 a
492 814 694 864 Corfinio
733 816 884 863 Roma
928 822 1167 878 peteretur.
1247 816 1451 864 Primum
1483 816 1572 864 fuit

231 880 340 926 belli
353 879 399 925 in
423 880 600 927 Albano
621 888 780 927 monte
799 882 1051 935 consilium,
1077 888 1126 928 ut
1148 880 1264 928 festo
1286 882 1359 929 die
1381 880 1571 929 Latina-

231 958 334 990 rum
372 942 523 992 Julius
563 942 720 993 Caesar
752 950 798 992 et
841 945 1047 993 Marcius
1096 945 1330 1007 Philippus
1364 946 1573 993 consules

231 1009 353 1055 inter
373 1024 498 1056 sacra
514 1016 562 1055 et
583 1024 681 1057 aras
697 1010 1056 1057 immolarentur.
1109 1010 1354 1071 Postquam
1377 1011 1423 1057 id
1445 1009 1575 1058 nefas

226 1073 485 1135 proditione
505 1074 752 1121 discussum
777 1082 859 1129 est,
884 1075 1058 1122 Asculo
1088 1075 1215 1123 furor
1243 1076 1390 1122 omnis
1409 1076 1572 1138 erupit,

227 1138 279 1184 in
295 1134 394 1199 ipsa
413 1138 589 1198 quidem
611 1139 819 1186 ludorum
838 1138 1091 1201 frequentia
1110 1140 1354 1195 trucidatis,
1376 1140 1453 1201 qui
1469 1147 1566 1187 tum

227 1202 417 1249 aderant
429 1204 485 1249 ab
508 1202 642 1259 Urbe,
663 1204 840 1267 legatis.
906 1204 1017 1251 Hoc
1041 1204 1127 1252 fuit
1148 1204 1273 1267 impii
1292 1204 1396 1251 belli
1418 1219 1568 1252 saera·

229 1273 464 1313 mentum:
501 1267 606 1314 inde
618 1269 714 1331 jam
736 1269 902 1331 passim
924 1270 979 1316 ab
996 1271 1117 1317 omni
1133 1277 1257 1332 parte
1274 1267 1433 1325 Italiae,
1451 1270 1567 1317 duce

227 1336 278 1378 et
299 1337 482 1379 auctore
511 1332 613 1379 belli
628 1333 904 1380 discursante
928 1332 1160 1396 Popaedio,
1182 1334 1357 1381 diversa
1380 1350 1460 1396 per
1478 1350 1563 1397 po-

261 1395 362 1443 ulos
383 1402 430 1443 et
459 1398 590 1443 urbes
621 1398 750 1460 signa
772 1395 989 1445 cecinere.
1051 1396 1156 1445 Nec
1181 1396 1451 1447 Hannibalis
1478 1413 1566 1447 nee

351 1461 398 1507 hi
441 1460 528 1508 suit
559 1469 686 1510 tanta
719 1464 925 1510 vastatio.
990 1463 1117 1510 Ecce
1151 1463 1427 1517 Ocriculum,
1460 1475 1569 1512 ecce

229 1526 552 1580 Grumentum,
599 1541 706 1574 ecce
745 1526 957 1585 Fs'esulae,
1002 1543 1108 1576 ecce
1148 1527 1365 1582 Carseoli,
1403 1527 1569 1584 Reate,

230 1589 447 1644 Nuceria,
471 1590 687 1646 Picentia,
712 1593 922 1647 caedibus,
954 1591 1090 1646 ferro,
1120 1598 1167 1639 et
1190 1593 1299 1655 igne
1318 1599 1570 1640 vastantur.

228 1651 369 1702 Fusae
406 1655 568 1702 Rutilii
611 1657 766 1718 copiae,
808 1655 924 1703 fusae
977 1654 1220 1718 Caepionis.
1303 1656 1426 1704 Nam
1470 1658 1569 1720 ipse

228 1718 384 1768 Julius
406 1717 577 1776 Caesar,
600 1722 799 1768 exercitu
820 1722 999 1778 amisso,
1014 1737 1117 1769 cum
1135 1722 1180 1767 in
1205 1720 1376 1768 Urbem
1399 1737 1563 1768 cruen-

227 1791 305 1831 tus
317 1783 570 1838 referretur,
587 1787 824 1832 miserabili
840 1785 999 1833 sunere
1012 1787 1203 1834 mediam
1221 1783 1378 1849 [etiam
1392 1785 1565 1834 Urbem

228 1848 456 1914 perviam]
479 1848 601 1896 fecit.
666 1850 757 1898 Sed
778 1866 945 1913 magna
966 1852 1117 1914 populi
1148 1851 1346 1898 Romani
1368 1850 1565 1908 fortuna,

227 1921 276 1960 et
307 1928 486 1976 semper
506 1915 553 1960 in
575 1915 703 1962 malis
728 1917 882 1979 major,
911 1917 1020 1963 totis
1048 1917 1195 1963 denuo
1218 1917 1386 1963 viribus
1412 1917 1565 1965 insur-

225 1979 374 2024 rexit:
426 1980 718 2041 aggressique
754 1981 921 2042 singuli
963 1997 1021 2044 po
1053 1981 1179 2039 ulos3
1229 1978 1349 2029 Cato
1383 1981 1566 2028 discutit

227 2041 453 2090 Etruscos
461 2059 478 2101 3
513 2044 732 2092 Gabinius
754 2045 969 2103 Marsos3
1076 2047 1153 2093 rbo
1171 2044 1413 2103 Lucanos3
1438 2046 1565 2093 Sulla

227 2106 476 2154 Samnites.
537 2108 696 2156 Strabo
729 2125 840 2156 vero
871 2109 1127 2172 Pompeius,
1171 2111 1326 2157 omnia
1367 2108 1565 2156 flammis

223 2170 436 2233 ferroque
467 2173 718 2234 populatus,
763 2189 854 2222 non
887 2175 1012 2237 prius
1045 2173 1180 2222 finem
1216 2173 1407 2221 caedium
1440 2172 1565 2230 fecit,
1647 2196 1651 2200 ·

221 2249 374 2296 quam,
414 2235 573 2284 Asculi
617 2239 862 2293 eversione,
907 2239 1122 2286 Manibus
1165 2245 1235 2285 tot
1267 2237 1561 2294 exercituum,

215 2300 476 2360 consulum,
499 2301 856 2368 direptarumque
876 2305 1051 2352 urbium
1075 2303 1193 2361 Diis,
1216 2303 1430 2350 litaretur.
