1838 2922
464 124 524 174 L.
548 126 609 174 A.
630 125 839 175 FLORI
872 126 981 176 Lu.
1002 126 1093 176 lv.
1125 127 1246 179 Cn.
1268 133 1313 180 ’1.
1455 136 1544 184 107

218 255 344 304 Nam
381 263 429 304 et
462 264 653 304 assuetae
681 257 948 304 cadaverum
970 258 1134 320 pabulo
1155 259 1362 308 volucres
1381 269 1540 320 castra,

219 322 348 382 quasi
376 323 472 384 jam
508 337 601 378 sus,
635 323 1042 379 circumvolabant3
1078 330 1125 370 et
1146 323 1193 370 in
1215 326 1355 372 aciem
1378 328 1540 389 prode-

220 387 402 433 untibus
422 387 581 434 obvius
602 386 814 449 AEthiops
847 386 982 432 nimis
1019 395 1172 449 aperte
1202 389 1338 436 ferale
1359 393 1542 454 signum

219 450 320 498 fuit.
384 449 565 513 Ipsique
586 450 731 497 Bruto
759 467 839 514 per
873 458 1067 507 noctem,
1101 469 1204 499 cum
1226 453 1350 502 illato
1370 456 1542 504 lumine

219 530 279 562 ex
301 530 427 562 more
448 515 593 577 aliqua
614 531 766 562 secum
788 517 992 581 agitaret,
1027 523 1124 564 ntra
1147 518 1351 578 quaedam
1387 520 1540 583 imago

189 601 197 608 ·
222 595 273 626 se
296 580 483 627 obtulit:
523 587 582 634 et,
608 596 710 640 quae
732 588 865 634 esset,
891 581 1181 644 interrogata,
1215 581 1436 644 “Tuus,”
1466 587 1539 632 in-

220 645 331 706 quit,
366 645 553 692 “malus
586 643 795 704 genius.''
880 644 990 692 Hoc
1024 646 1151 700 dixit,
1189 654 1236 694 et
1273 651 1354 696 sub
1399 647 1540 698 oculis

221 709 427 756 mirantis
446 710 643 756 evanuit.
707 708 813 755 Pari
833 711 880 756 in
902 711 1088 758 meliora
1107 715 1330 775 praesagio
1358 715 1406 762 in
1429 712 1542 774 Caeqv

220 775 334 821 auris
371 775 527 821 castris
562 775 713 820 omnia
748 789 855 821 aves
887 776 1171 837 victimaeque
1211 779 1506 840 promiserant
1519 798 1544 829 ε.

222 839 303 884 sed
324 838 435 884 nihil
455 839 533 884 illo
548 841 825 900 praesentius,
848 841 969 900 quod
991 839 1188 895 Caesaris
1201 844 1400 891 medicus
1416 859 1539 892 som-

221 903 300 949 nio
322 903 575 950 admonitus
590 915 671 957 est,
694 912 747 950 ut
762 902 922 952 Caesar
935 906 1093 954 castris
1114 908 1362 962 excederet,
1382 910 1544 970 quibus

220 968 320 1029 capi
342 968 623 1014 imminebat:
662 976 715 1015 ut
732 968 901 1016 facturn
925 978 1007 1017 est.
1071 971 1188 1018 Acie
1207 987 1400 1034 numque
1413 987 1542 1021 coni-

221 1031 372 1087 missii,
396 1047 499 1079 cum
522 1034 618 1094 pari
640 1035 797 1081 ardore
819 1035 1090 1094 aliquamdiu
1111 1037 1372 1084 dimicatum
1389 1037 1540 1096 foret3

220 1098 425 1157 quamvis
445 1098 583 1144 duces
602 1113 695 1145 non
710 1108 862 1146 essent
873 1108 1132 1161 praesentes,
1143 1117 1336 1162 quorum
1351 1102 1540 1152 alterum

221 1164 421 1224 corporis
448 1163 682 1225 egritudo,
712 1165 837 1213 illum
865 1172 1015 1214 metus
1037 1173 1087 1213 et
1103 1168 1286 1228 ignavia
1305 1169 1543 1216 subduxis-

220 1233 335 1282 sent,
360 1235 497 1274 staret
518 1236 669 1276 tamen
688 1244 770 1290 pro
788 1230 990 1291 partibus
1009 1233 1180 1279 invicta.
1197 1232 1379 1280 fortuna
1399 1241 1446 1280 et
1465 1233 1539 1283 ul-

220 1292 349 1347 toris,
382 1303 429 1338 et
444 1293 519 1352 qui
540 1293 871 1350 vindicabatur-3
902 1295 1098 1355 primum
1119 1297 1231 1344 adeo
1251 1312 1416 1360 anceps
1437 1297 1542 1356 fuit,

220 1363 269 1402 et
294 1371 375 1416 par
406 1357 629 1415 utrimque
652 1356 903 1412 discrimen,
943 1366 994 1404 ut
1027 1361 1174 1409 exitus
1202 1362 1351 1423 proelii
1377 1361 1546 1410 docuit.

224 1418 375 1482 Capta
406 1426 513 1466 sunt
543 1419 647 1467 hinc
670 1417 868 1468 caesaris
893 1429 1056 1480 castra,
1094 1425 1198 1471 inde
1221 1423 1383 1474 Cassii.
1448 1421 1542 1475 Sed

222 1492 394 1547 quanto
416 1484 637 1532 efficacior
665 1491 735 1531 est
761 1484 954 1539 fortuna,
977 1501 1111 1545 quarn
1131 1488 1300 1536 virtus!
1337 1496 1384 1537 et
1404 1505 1538 1553 qum

220 1565 383 1598 verum
416 1557 503 1607 est,
540 1548 661 1609 quod
694 1550 891 1597 moriens
918 1548 1101 1604 efflavit,
1136 1556 1166 1581 ‘⁴
1185 1568 1274 1599 non
1297 1554 1342 1599 in
1364 1568 1431 1612 re,
1459 1555 1542 1603 sed

220 1616 269 1663 in
304 1616 445 1663 verbo
476 1621 665 1669 tantum,
708 1628 809 1661 esse
839 1614 1052 1662 virtutem
1068 1614 1120 1663 !”
1185 1615 1436 1667 Victoriam
1473 1620 1540 1667 ini
1597 1662 1604 1667 .

218 1678 381 1743 proelio
417 1694 545 1737 error
584 1678 719 1727 dedit.
783 1676 984 1735 Cassius,
1017 1680 1232 1729 inclinato
1267 1697 1408 1729 cornu
1441 1698 1540 1741 suo,

219 1758 339 1800 cum,
362 1746 503 1806 captis
524 1741 721 1791 Caesaris
735 1744 904 1799 castris,
928 1745 1080 1807 rapido
1095 1746 1264 1810 impetu
1277 1748 1542 1809 recipientes

218 1822 271 1857 se
308 1810 482 1857 videret
504 1808 694 1869 equites,
723 1809 884 1870 fugere
918 1810 1170 1867 arbitratus,
1201 1812 1351 1859 evadit
1383 1813 1431 1860 in
1463 1821 1548 1861 tm

218 1874 421 1921 mulumt
459 1874 563 1921 inde
582 1874 765 1935 pulvere
780 1880 827 1919 et
846 1876 1046 1937 strepitu,
1069 1876 1202 1925 etiam
1226 1885 1358 1925 nocte
1374 1877 1538 1937 vicini.

217 1938 518 1985 eximentibus
544 1946 691 2001 gestae
712 1937 775 1985 rei
796 1953 998 1997 sensum,
1031 1956 1134 1987 cum
1155 1942 1404 2004 speculator
1419 1958 1534 2004 quo-

211 2018 307 2065 que
326 2003 373 2049 in
396 2003 440 2049 id
462 2002 640 2058 missus,
662 2003 830 2049 tardius
851 2004 1155 2064 renuntiaret3
1188 2013 1460 2055 transactum
1479 2008 1536 2055 de

212 2068 413 2130 partibus
446 2074 582 2123 ratus,
618 2068 696 2114 uni
725 2068 782 2114 de
801 2069 1016 2129 proximis
1038 2070 1326 2119 auferendum
1347 2072 1538 2133 praebuit

209 2141 363 2195 caput.
424 2131 598 2180 Brutus
627 2147 730 2179 cum
760 2132 809 2181 in
844 2130 1006 2181 Cassio
1027 2136 1160 2182 etiam
1177 2151 1312 2199 ‘suum
1334 2137 1534 2183 animum

210 2196 493 2259 perdidisset,
515 2212 575 2244 ne
594 2198 703 2257 quid
728 2212 789 2243 ex
813 2199 1044 2246 constituti
1067 2199 1154 2246 fide
1175 2200 1422 2263 resignaret
1445 2201 1532 2263 (ita

210 2262 335 2309 enim
368 2276 447 2325 par
485 2276 715 2323 superesse
750 2261 867 2309 bello
898 2263 1192 2325 convenerat)
1226 2266 1322 2326 ipse
1355 2279 1534 2325 quoque

210 2329 289 2372 uni
330 2327 545 2373 comitum
582 2342 765 2375 suorum
796 2326 1140 2375 confodiendum
1174 2329 1364 2389 praebuit
1399 2329 1530 2377 latus.

210 2391 332 2446 Quis
362 2391 711 2452 sapientissimos
740 2392 863 2439 viros
896 2407 990 2440 non
1021 2394 1208 2443 miretur
1231 2393 1288 2439 ad
1319 2392 1540 2441 ultimum'

204 2470 303 2503 non
340 2456 435 2503 suis
460 2456 666 2503 manibus
686 2471 791 2505 usos
805 2456 829 2502 ?
862 2458 948 2503 nisi
977 2458 1016 2503 si
1043 2458 1131 2503 hoc
1151 2472 1328 2519 quoque
1347 2472 1407 2506 ex
1426 2472 1530 2521 per-

205 2520 419 2568 suasione
439 2520 593 2577 defuit,
615 2534 675 2568 ne
685 2521 905 2569 violarent
918 2536 1094 2578 manus,
1127 2522 1204 2569 sed
1225 2522 1272 2569 in
1287 2522 1528 2571 abolitione

200 2584 585 2633 sanctissimum
639 2586 1027 2649 piissimarumque
1073 2584 1320 2637 animumn
1355 2586 1526 2650 juditio

196 2665 303 2707 uuo,
326 2650 495 2699 scelere
514 2650 672 2707 alieno.
694 2656 942 2701 uterentur.
1277 2662 1282 2666 ·
1387 2685 1395 2692 .
