1838 2922
513 149 571 198 L.
597 150 890 199 A.FLOR1
923 114 1029 199 Lin-
1050 150 1143 200 Ν.
1174 152 1295 203 eu.
1316 158 1363 203 ε.
1466 148 1470 157 ’
1523 160 1589 207 95

262 278 495 329 Brundisii
514 282 768 344 opprimere
794 283 1040 344 potuissete
1080 290 1127 330 et
1153 293 1355 347 ceperat:
1396 287 1474 333 sed
1508 286 1585 335 ile

259 362 342 409 per
386 347 554 393 obsessi
597 348 792 393 claustra
821 348 979 410 portus
1013 348 1235 396 nocturn&
1275 349 1387 412 fuga
1429 353 1588 399 evasit·

261 410 420 473 Turpe
455 411 604 459 dictu!
641 414 776 459 modo
798 415 1003 475 princeps
1022 422 1213 475 patrum,
1252 418 1374 477 pacis
1394 416 1587 478 bellique

262 472 532 531 moderator,
548 492 630 539 per
641 480 961 539 triumphatum
984 494 1011 524 a
1032 494 1081 525 se
1102 494 1240 535 mare,
1262 479 1407 527 lacera
1428 488 1475 527 et
1486 496 1582 542 pse-¹

261 556 322 589 ne
343 542 503 588 inermi
525 556 642 588 nave
662 542 874 604 fugiebat.
940 543 1042 589 Nec
1080 544 1323 607 Pompeius
1353 546 1408 592 ab
1437 544 1583 601 Italia,

257 620 395 668 quam
429 614 610 655 senatus
644 608 699 653 ab
735 607 873 663 Urbe,
903 607 1090 670 fugatur
1108 610 1260 670 prior;
1296 624 1430 671 quam
1452 624 1584 673 paene

257 685 452 718 vacuam
475 680 599 719 metu
624 670 781 720 Caesar
800 673 1032 734 ingressus
1054 675 1283 721 consulem
1308 691 1357 723 se
1384 678 1481 738 ipse
1510 675 1582 723 fa-

253 737 336 784 cit.
400 736 634 783 AErsrium
655 752 832 797 quoque
853 745 1072 793 sanctum,
1096 740 1199 799 quia
1218 740 1387 787 tardius
1408 740 1581 802 aperie·

255 803 368 849 bant
389 802 567 854 tribuni,
580 802 719 862 jussit
739 800 948 863 effringi:
988 818 1260 863 censumque
1288 814 1335 851 et
1363 806 1580 866 patrimo-

251 882 404 978 ’ἒὲιὲ
417 865 1581 995 Psssgsszffjsffsszgsszssoffffitssssae”ssssusnffiz'ss‘g

255 996 526 1059 provincias,
552 1011 686 1056 quam
709 996 855 1057 ipsum
878 998 1019 1057 sequi.
1087 998 1286 1050 Siciliam
1308 1006 1354 1045 et
1378 999 1579 1047 Sardini-

251 1076 344 1116 am,
369 1076 563 1107 annonae
583 1062 785 1122 pignora,
809 1077 889 1123 per
909 1062 1086 1124 legatos
1108 1064 1255 1111 habet.
1316 1063 1451 1111 Nihil
1474 1065 1580 1112 hos-

253 1127 338 1173 tile
359 1132 455 1173 erat
475 1127 522 1171 in
541 1124 716 1173 Gallia:
755 1125 1029 1190 pacem'ipse
1050 1127 1246 1175 feceratz
1284 1130 1363 1175 sed
1384 1130 1441 1176 ad
1464 1128 1579 1177 His&

157 1218 164 1225 -
252 1191 492 1255 panienses
514 1190 719 1253 Pompeii
736 1192 960 1239 exercitus
981 1195 1229 1240 transeunti
1254 1209 1333 1255 per
1354 1206 1452 1242 eam
1476 1196 1579 1243 duci

249 1263 408 1319 portas
428 1255 635 1303 claudere
655 1272 763 1303 ausa
784 1256 992 1305 Massilia
1012 1265 1097 1305 est.
1161 1258 1346 1315 Misere,
1370 1260 1475 1306 dum
1500 1276 1580 1307 cu·-

283 1322 320 1367 't
353 1334 522 1383 pacem,
557 1322 661 1368 belli
695 1331 818 1369 metu
850 1322 897 1367 in
932 1323 1095 1369 bellum
1131 1324 1313 1370 incidite
1364 1326 1443 1372 sed
1476 1326 1583 1386 quia

247 1336 417 1450 Ratis]
461 1386 602 1433 muris
631 1386 751 1445 ferat,
789 1387 909 1434 vinci
953 1402 1051 1433 eam
1087 1388 1167 1434 sibi
1205 1390 1363 1450 jussit·
1393 1390 1577 1443 absenti3

252 1450 475 1501 Graecula
498 1452 670 1507 civitas,
693 1467 785 1499 non
805 1469 890 1514 pro
909 1453 1098 1500 mollitie
1118 1454 1327 1509 nominis,
1352 1460 1398 1500 et
1410 1455 1577 1502 vallum

250 1531 475 1579 rumpere,
515 1524 563 1564 et
598 1517 837 1578 incendere
878 1519 1108 1564 machinas
1134 1533 1262 1576 ausa,
1296 1525 1343 1565 et
1363 1521 1579 1581 congredi

250 1583 471 1630 navibust
511 1583 589 1629 sed
627 1582 814 1636 Brutus,
859 1583 932 1629 cui
974 1583 1233 1630 mandatum
1268 1589 1363 1630 erat
1394 1585 1575 1640 belluim

251 1649 402 1695 victos
445 1645 565 1694 terrd
606 1647 810 1708 marique
843 1647 1111 1710 perdomuit.
1175 1648 1294 1696 Mox
1316 1648 1579 1698 dedentibus

248 1728 357 1761 sese
379 1712 524 1760 ablata
545 1715 710 1768 omnia,
747 1721 925 1775 praeter,
964 1729 1095 1772 quam
1127 1713 1346 1775 potiorem
1373 1715 1579 1762 omnibus

247 1778 487 1832 habebant,
509 1779 775 1826 libertatem.
841 1778 1040 1840 Anceps,
1056 1780 1332 1839 variumque,
1355 1786 1402 1824 et
1417 1795 1577 1826 cruen-

247 1851 354 1890 tum
378 1843 424 1888 in
447 1841 674 1904 Hispania
693 1843 858 1890 bellum
880 1859 984 1890 cum
1015 1844 1177 1905 legatis
1201 1841 1331 1892 cnaei
1358 1842 1577 1908 Pompeii,

253 1907 441 1956 Petreio
475 1915 521 1954 et
552 1907 768 1967 Afrani03
803 1923 915 1968 quos
954 1907 1118 1955 Ilerdae
1162 1916 1308 1956 castra
1350 1910 1577 1965 habentes,

247 1972 371 2036 apud
410 1971 600 2020 Sicorim
637 1987 829 2027 amnem,
866 1974 1069 2024 obsidere
1096 1981 1144 2020 et
1174 1975 1231 2020 ab
1252 1975 1415 2036 oppido
1435 1976 1576 2021 inter·-

244 2038 436 2086 cludere
465 2038 741 2100 aggreditur.
805 2036 997 2084 Interim
1024 2040 1325 2086 obundatione
1346 2041 1471 2086 verni
1494 2039 1579 2086 flu-

250 2103 394 2151 minis
413 2104 736 2152 commeatibus
757 2103 1026 2165 prohibetur.
1073 2105 1149 2152 Sic
1167 2105 1288 2152 fame
1310 2111 1455 2152 castra
1474 2111 1579 2150 ten-

253 2176 351 2216 tata
373 2176 507 2225 sunt3
541 2169 835 2230 obsessorque
853 2171 951 2231 ipse
972 2171 1097 2231 quasi
1128 2170 1420 2218 obsidebatur.
1485 2169 1578 2216 Sed

255 2233 332 2281 ubi
363 2247 454 2296 pax
476 2233 674 2280 fluminis
711 2231 878 2296 [rediit,
917 2234 1302 2299 populationibus]
1334 2241 1379 2280 et
1406 2249 1577 2296 pugnas

254 2313 442 2362 campos
463 2299 650 2360 aperuit,
683 2300 846 2346 iterum
866 2299 997 2347 ferox
1017 2302 1178 2359 instat3
1216 2306 1263 2346 et
1291 2298 1499 2345 cedentes
1521 2299 1578 2346 ad

247 2361 544 2412 Celtiberiam
566 2371 844 2420 consecutus,
881 2379 1051 2427 aggere
1071 2372 1119 2411 et
1140 2365 1271 2417 vallo,
1306 2379 1359 2410 ac
1379 2379 1459 2426 per
1478 2365 1579 2410 haec

254 2428 343 2483 siti,
378 2428 436 2475 sd
463 2428 734 2476 deditionem
757 2431 988 2492 compulit.
1056 2429 1133 2476 Sic
1155 2429 1333 2475 citerior
1355 2427 1581 2491 Hispania

249 2499 438 2556 recepta
468 2501 570 2553 est;
605 2509 690 2542 nec
721 2494 904 2542 ulterior
934 2507 1107 2540 moram
1142 2492 1274 2540 fecit:
1312 2493 1418 2556 quid
1456 2494 1578 2540 enim

251 2573 346 2606 una
388 2566 494 2621 post
530 2559 725 2621 quinque
766 2558 1007 2622 legiones?
1071 2557 1233 2621 Itaque
1252 2559 1373 2606 ultro
1394 2559 1580 2606 cedente

253 2621 482 2682 Varrone,
507 2625 676 2682 Gades,
698 2623 882 2684 fretum,
903 2619 1129 2684 Oceanus,
1152 2625 1303 2674 omnia
1322 2623 1579 2673 felicitatem
