1838 2922
331 165 481 218 .C.V.
501 162 901 236 PATERCULI
933 163 1124 214 Lan.
1158 165 1278 217 Car.
1299 169 1406 217 180.
1475 161 1572 213 107

240 296 328 344 filii
354 294 531 357 Cotyis,
559 295 871 359 consertisque
899 295 1098 357 ejusdem
1121 295 1308 356 imperii,
1328 293 1567 351 evocavit3

249 361 465 424 singulari
486 361 534 406 in
555 375 611 406 eo
632 360 817 421 negotio
850 373 958 405 usus
979 356 1113 420 opera
1139 357 1290 406 Flacci
1313 359 1570 422 Pomponii,

244 426 495 480 consularis
527 425 627 478 viri,
660 425 754 471 nati
796 423 851 470 ad
892 423 1044 469 omnia
1083 438 1186 483 quae
1219 431 1340 471 recte
1365 423 1572 474 facienda
1653 453 1658 457 -

249 497 368 544 sunt,
392 489 670 551 simplicique
690 490 857 534 virtute
872 488 1085 536 merentis
1106 502 1296 550 semper,
1313 503 1447 550 quam
1463 503 1568 549 cap-

247 556 385 602 tantis
406 554 627 617 gloriam!
684 551 803 600 Cum
834 551 1004 611 quanta
1033 553 1268 614 gravitate,
1303 559 1356 599 ut
1391 560 1571 600 senator

246 626 295 664 et
313 619 469 681 Judex,
502 633 593 664 non
628 625 680 664 ut
708 618 928 678 princeps.
960 625 1006 662 et
1037 631 1192 664 causas
1221 617 1420 678 pressius
1443 617 1572 664 audit

244 685 273 728 ¹³.
294 685 322 713 ¹¹
342 681 399 731 *Ξ
428 682 579 736 Quam
602 682 804 728 celeriter
827 682 854 709 *
874 683 899 709 *⁸
925 681 952 709 ¹⁸
978 681 1207 742 ingratum
1228 688 1274 728 et
1297 695 1416 729 nova
1435 681 1568 728 moli-

240 745 665 816 entem‘oppressit!
706 745 881 799 Quibus
899 745 1136 806 praeceptis
1157 745 1426 792 instructum
1449 745 1572 799 Ger-

236 811 469 858 -manicum
500 826 645 865 suum,
669 810 979 869 imbutamque
1000 811 1263 856 rudimentis
1292 811 1465 857 militiae
1492 825 1568 856 se-

236 871 348 922 fcum
379 883 507 931 actae,
538 875 803 922 domitorem
833 875 1002 936 recepit
1031 874 1320 923 Germaniae!
1387 873 1568 928 Quibus

236 941 477 1003 Juventam
514 941 612 1002 ejus
647 939 940 1000 exaggeravit
977 939 1233 994 honoribus,
1271 939 1569 1001 respondente

238 1005 371 1052 cultu
399 1004 613 1066 triumphi
642 1019 805 1056 rerum,
837 1018 946 1064 quas
983 1011 1201 1064 gesserat,
1237 1003 1564 1066 magnitudini!

237 1067 440 1123 Quoties
454 1068 667 1130 populum
690 1068 929 1130 congiariis
949 1068 1200 1122 honoravit,
1221 1075 1572 1129 senatorumque

237 1147 443 1188 censum,
476 1149 579 1179 cum
610 1134 657 1180 id
688 1142 845 1180 senatu
867 1141 1049 1180 auctore
1069 1132 1218 1181 facere
1239 1134 1400 1196 potuit,
1434 1148 1568 1194 quarn

232 1195 427 1246 libenter
447 1198 658 1260 explevit,
683 1205 733 1244 ut
760 1213 905 1260 neque
930 1199 1151 1246 luxuriam
1173 1198 1398 1253 invitaret,
1413 1212 1569 1260 ,neque

232 1263 473 1310 honestam
503 1269 811 1325 paupertatem
842 1270 1070 1324 pateretur
1103 1264 1324 1326 dignitate
1357 1262 1564 1312 destitui!

232 1326 425 1379 Quanto
448 1342 551 1372 cum
572 1328 743 1372 honore
766 1327 1089 1373 Germanicum
1119 1343 1250 1374 suum
1275 1329 1324 1374 in
1345 1337 1566 1376 transmar-

232 1391 358 1436 ri'nas
382 1389 506 1436 misit
524 1388 801 1450 provincias!
860 1389 970 1442 Qua
989 1391 1035 1435 vi
1058 1392 1344 1437 consiliorum
1369 1407 1564 1449 suorum,

236 1453 444 1503 ministro
466 1459 513 1499 et
531 1453 734 1516 adjutore
762 1468 871 1499 usus
900 1451 1060 1500 Druso
1091 1451 1184 1501 filio
1217 1470 1312 1511 suo,
1349 1455 1566 1505 Marobo-

228 1520 373 1567 duum
395 1518 688 1565 inhaerentem
712 1518 914 1579 occupati
940 1518 1070 1580 regni
1090 1516 1265 1573 finibus,
1302 1521 1435 1583 (pace
1465 1536 1564 1569 ma-

222 1584 407 1648 jestatis
427 1584 525 1646 ejus
545 1579 756 1642 dixerim)
779 1582 906 1628 velut
929 1588 1180 1644 serpentem
1203 1585 1450 1631 abstrusam
1473 1593 1566 1633 ter-

230 1664 313 1703 τε,
349 1647 595 1695 salubribus
630 1646 941 1710 [consiliorum
981 1646 1186 1711 suorum]
1226 1648 1563 1697 medicamentis

236 1712 391 1775 coligit
418 1712 597 1776 egredi!
635 1726 769 1773 quam
804 1710 948 1767 illurn,
985 1718 1036 1759 ut
1069 1710 1300 1767 honorate,
1341 1708 1446 1779 [ita]
1481 1730 1566 1763 nec

230 1792 391 1825 secure
427 1776 657 1825 continet!
735 1774 936 1830 Quantae
968 1776 1102 1823 molis
1145 1777 1328 1833 bellum,
1367 1779 1566 1840 prIncipe

235 1840 487 1893 Galliarum
509 1843 655 1889 ciente
674 1841 925 1895 Sacroviro,
949 1839 1177 1902 Floroque
1191 1840 1332 1895 sulio,
1356 1840 1471 1889 mira
1486 1859 1564 1891 ce-

232 1904 409 1953 leritate
440 1921 497 1955 aa
526 1907 693 1953 virtute
722 1905 1004 1967 compressit,
1042 1913 1093 1953 ut
1123 1912 1230 1952 ante
1249 1907 1439 1968 populus
1459 1906 1563 1954 Ro-

226 1984 395 2019 nanus
414 1970 575 2018 vicisse
604 1986 670 2027 se,
704 1986 838 2031 quam
870 1970 1049 2025 bellare,
1087 1978 1410 2032 cognosceret3
1445 1986 1563 2019 nun-

226 2036 408 2097 tiosque
427 2034 611 2097 periculi
628 2036 829 2081 victoriae
844 2035 1118 2097 praecederet
1133 2035 1344 2083 nuntius!
1397 2034 1564 2099 Magni

228 2100 369 2147 etiam
390 2099 573 2147 terroris
604 2100 769 2145 bellum
795 2098 1016 2156 Africum,
1051 2106 1101 2147 et
1135 2099 1394 2160 quotidiano
1429 2108 1565 2150 auctu

229 2164 392 2225 majus,
418 2164 627 2225 auspiciis
646 2164 932 2225 consiliisque
953 2167 1050 2227 qius
1069 2164 1194 2211 brevi
1217 2164 1440 2227 sepultum
1455 2172 1548 2213 est..

300 2224 515 2275 CXXX.
548 2226 733 2283 Quanta
744 2244 827 2274 suo
840 2244 1114 2289 suorumque
1135 2230 1317 2276 nomine
1337 2230 1566 2277 exstruxit

234 2290 399 2355 opera!
470 2291 621 2345 Quam
643 2289 717 2353 pia
736 2290 1056 2351 munificentia,
1079 2309 1298 2355 superque
1320 2295 1563 2341 humanam

230 2352 391 2402 evecta
409 2353 559 2409 fidu,
588 2356 803 2417 templum
824 2357 941 2419 patri
967 2356 1175 2406 molitur!
1247 2358 1397 2412 Quam
1430 2372 1562 2419 mag-

232 2418 367 2485 nificp
390 2420 525 2466 animi
548 2424 901 2481 temperamento
918 2418 1008 2473 Cn.
1028 2436 1206 2482 quoque
1230 2420 1434 2483 Pompeii
1456 2437 1560 2468 mu-

232 2498 343 2537 nera
364 2484 566 2531 absumta
585 2484 682 2546 igni
705 2484 928 2533 restituit!
1000 2484 1093 2539 Qui
1123 2484 1335 2547 quidquid
1363 2500 1564 2550 unquam

232 2546 497 2595 claritudine
519 2548 719 2602 eminuit,
733 2548 793 2601 id,
811 2548 951 2595 veluti
975 2557 1234 2610 cognatum,
1261 2558 1414 2597 censet
1429 2558 1564 2598 tuen-

233 2612 359 2659 dum.
423 2610 529 2666 Qua
557 2612 831 2668 liberalitate,
862 2628 964 2661 cum
991 2614 1112 2670 alias,
1145 2621 1242 2671 turn
1265 2616 1470 2678 proxime
1484 2615 1566 2661 in-

230 2676 545 2743 eensomonte
564 2675 729 2731 Caelio,
754 2678 900 2725 omnis
924 2678 1096 2726 ordinis
1116 2680 1352 2727 hominum
1364 2681 1563 2743 jacturae

228 2737 499 2805 patrimonio
526 2738 748 2813 succurrit
774 2742 892 2795 suo!
961 2742 1149 2803 Quanta
1169 2760 1273 2797 cum
1301 2746 1452 2809 quiete
1474 2747 1562 2797 ho-
