1838 2922
442 129 501 182 1..
524 135 587 180 A.
608 129 817 180 FLORI
856 127 968 208 Lu.
989 125 1080 177 IV.
1115 124 1234 179 cn.
1255 133 1301 186 2.
1477 136 1546 182 99

220 263 341 310 idem
370 264 420 309 in
457 264 603 325 ipsum
626 269 831 319 ausurae,
872 261 909 311 si
941 260 1210 322 expedisset.
1277 259 1426 314 Quam
1466 261 1541 311 ubi

220 325 382 376 Caesar
416 328 593 374 restitui
620 327 759 387 jussit
788 327 837 372 in
873 340 1080 387 regnum,
1123 325 1272 371 statim
1296 325 1352 372 sb
1373 324 1542 372 eisdem

218 392 555 456 percussoribus
593 391 795 452 Pompeii
834 391 1044 437 obsessus
1081 391 1128 435 in
1167 387 1308 450 regia,
1341 390 1546 450 quamvis

219 455 389 518 exigua
410 471 563 512 manu,
595 457 793 518 ingentis
808 455 1032 502 exercitiis
1053 453 1219 500 molem
1241 454 1357 500 mira
1378 454 1546 500 virtute

220 522 449 569 sustinuit.
536 522 611 567 Ac
652 521 844 582 primum
890 519 1178 566 aedificiorum
1221 519 1544 582 proximorum,

218 593 357 646 atque
400 586 623 635 navalium
666 586 889 638 incendio,
922 584 1186 630 infestorum
1227 584 1422 630 hostium
1457 583 1546 631 tela

220 651 447 698 submovit
459 669 475 709 3
510 665 618 698 mox
648 651 695 696 in
728 649 1006 710 peninsulam
1043 649 1222 696 Pharon
1245 649 1413 696 subitus
1437 663 1547 700 eva-‚-

218 717 309 764 sit:
348 716 453 762 inde
487 714 697 778 depulsus
718 715 765 760 in
787 715 928 762 maria
947 711 1060 761 mira
1079 713 1291 760 felicitate
1311 715 1368 759 ad
1388 713 1545 774 proxi·-

218 793 341 826 mam
378 781 565 827 classem
600 780 809 833 enatavit,
844 779 1000 826 relicto
1034 778 1213 838 quidem
1251 779 1298 824 in
1336 777 1546 824 fluctibus

216 845 548 906 paludamento,
582 860 661 890 seu
690 845 799 901 fato,
834 859 913 890 seu
947 843 1148 897 consilio,
1183 843 1363 889 utillud
1384 844 1542 903 ingru-

218 909 397 958 entibus
426 910 619 957 hostium
650 910 750 956 telis
790 910 998 969 saxisque
1033 915 1272 970 peteretur.
1337 905 1542 954 Tandem

218 975 425 1035 ieceptus
448 990 475 1020 a
495 974 691 1020 classicis
712 974 817 1027 suis,
848 973 1201 1034 undiquesimul
1235 972 1387 1018 hostes
1408 971 1541 1018 ador·

202 1046 307 1092 -tus,
331 1039 387 1086 de
402 1040 571 1086 imbelli
592 1055 645 1086 ac
664 1037 831 1101 perfida
850 1046 990 1100 gente
1000 1041 1127 1101 justa
1145 1037 1302 1099 generi
1325 1035 1541 1084 Manibus

217 1103 355 1149 dedit.
432 1103 613 1166 Quippe
648 1114 693 1150 et
727 1103 1005 1158 Theodotus,
1039 1102 1256 1164 magister
1297 1108 1542 1161 auctorque

218 1169 360 1215 totius
380 1168 496 1223 belli,
530 1177 577 1215 et
608 1185 667 1215 ne
698 1170 842 1215 virilia
862 1169 1041 1230 quidem
1064 1174 1284 1229 portenta.
1320 1165 1546 1212 Pothinus

216 1239 353 1292 atque
374 1234 678 1294 Ganymedes,
704 1232 878 1281 diversa
898 1249 978 1295 per
1000 1247 1122 1280 mare
1138 1240 1185 1278 et
1206 1240 1345 1278 terras
1367 1228 1478 1292 fuga
1493 1238 1542 1278 et

214 1305 363 1344 morte
384 1300 621 1346 consumti.
684 1298 831 1360 Regis
852 1300 994 1360 ipsius
1016 1312 1179 1358 corpus
1201 1298 1408 1344 obrutum
1428 1296 1542 1342 limo

217 1367 445 1424 repertum
467 1369 537 1408 est
557 1364 603 1408 in
626 1378 777 1410 aureae
796 1363 950 1410 loricae
971 1363 1156 1408 honore.
1218 1359 1274 1408 In
1298 1358 1414 1408 Asia
1427 1357 1544 1422 quoi

214 1441 307 1487 que
331 1441 475 1476 novus
497 1442 645 1473 rerum
667 1435 817 1474 motus
840 1442 867 1474 a
890 1426 1054 1481 Ponto,
1091 1425 1222 1487 plane
1243 1425 1370 1487 quasi
1393 1425 1448 1472 de
1469 1426 1540 1473 in·-

130 1534 135 1539 .
213 1490 387 1539 dustria
418 1500 627 1552 captante
662 1491 699 1537 F
701 1490 863 1539 ortunae‘i
896 1494 1016 1539 hunc
1051 1491 1363 1538 Mithridatico
1398 1504 1543 1552 regno

214 1557 404 1611 exitum,
438 1564 489 1603 ut
516 1571 544 1603 a
580 1556 797 1617 Pompeio
819 1562 958 1617 pater,
991 1571 1018 1602 a
1042 1554 1224 1602 Caesare
1245 1555 1364 1603 filius
1386 1556 1540 1603 vince·-

214 1628 354 1668 retur.
417 1620 526 1667 Rex
550 1620 817 1674 Pharnacea
851 1620 1000 1681 magis
1029 1620 1263 1667 discordiae
1295 1626 1462 1667 nostrae
1483 1618 1537 1665 fl-

214 1683 346 1733 ducis
381 1701 515 1746 quam
549 1687 729 1732 virtutis
772 1700 881 1739 suae,
914 1684 1080 1731 infesto
1123 1684 1169 1730 in
1210 1682 1539 1745 Cappadociam

212 1751 397 1812 agmine
424 1751 605 1797 ruebat:
646 1751 723 1796 sed
745 1751 863 1795 hunc
888 1746 1048 1797 Caesar
1066 1763 1321 1810 aggressus,
1359 1763 1462 1801 uno,
1495 1756 1542 1797 et

216 1816 293 1877 (ut
328 1816 392 1861 sic
435 1813 646 1875 dixerim)
692 1829 781 1861 non
828 1821 927 1861 toto
959 1812 1134 1875 proelio,
1168 1814 1380 1869 obtrivit3
1415 1828 1542 1861 more

210 1878 429 1934 fulminis,
462 1882 582 1940 quod
618 1882 711 1926 un'o
744 1880 991 1939 eodemque
1011 1886 1242 1925 momento
1263 1878 1404 1935 venit,
1433 1893 1536 1940 per-

210 1944 368 1997 cussit,
410 1945 635 1992 abscessit.
703 1944 805 1991 Nec
839 1959 956 1991 vana
993 1944 1049 1990 de
1085 1958 1136 1990 se
1176 1944 1433 2005 praedicatio
1467 1951 1540 1991 est

214 2006 426 2062 Caesaris,
464 2016 492 2039 “
508 2018 613 2056 ante
634 2010 803 2057 victum
832 2010 1010 2055 hostem
1031 2023 1144 2062 esse,
1178 2024 1312 2069 quam
1334 2006 1534 2055 visum.”

212 2073 293 2120 sic
328 2089 431 2120 cum
470 2076 649 2121 exteris.
714 2076 783 2121 At
814 2076 860 2121 in
896 2071 1052 2120 Africa
1077 2090 1180 2121 cum
1201 2074 1371 2119 civibus
1391 2074 1536 2119 multo

210 2139 422 2193 atrocius,
455 2154 589 2200 quam
611 2141 657 2186 in
682 2136 928 2185 Pharsalia.
992 2136 1103 2185 Huc
1121 2138 1328 2198 reliquias
1342 2138 1535 2199 partium

210 2201 529 2265 naufragarum
563 2205 743 2264 quidam
781 2203 946 2261 sumtis
977 2212 1114 2250 aestus
1151 2203 1413 2264 expulsi-att
1453 2216 1538 2249 nec

208 2268 423 2331 reliquias
445 2269 627 2324 diceres,
662 2269 741 2315 sed
760 2269 988 2330 integrum
1007 2268 1186 2315 bellum.
1241 2268 1420 2329 Sparsae
1440 2280 1538 2313 ma-

208 2333 284 2395 gis
305 2345 440 2393 quam
464 2348 689 2395 oppressae
710 2334 829 2379 vires
850 2341 992 2379 erant.
1057 2334 1263 2379 Auxerat
1285 2344 1536 2379 sacramen-

210 2406 309 2443 tum
330 2397 428 2459 ipsa
448 2399 595 2445 clades
618 2399 926 2460 imperatoris;
952 2412 1036 2443 nec
1052 2396 1351 2457 degenerabat
1372 2396 1536 2445 ducum

209 2464 451 2509 successio.
518 2462 701 2525 Quippe
722 2464 829 2509 satis
846 2462 994 2523 ample
1015 2462 1232 2507 sonabant
1253 2460 1536 2521 inxPompei·

210 2526 287 2573 ani
321 2528 517 2574 nominis
546 2528 696 2575 locum
721 2525 837 2575 Cato
860 2535 907 2573 et
931 2526 1095 2587 Scipio.
1156 2525 1366 2571 Accessit
1397 2524 1536 2587 copiis
1563 2546 1578 2559 ·

209 2589 507 2640 Maun‘taniae
548 2607 629 2641 rex
662 2590 794 2647 Juba,
828 2591 1039 2638 videlicet
1081 2598 1134 2637 ut
1167 2590 1302 2639 latius
1337 2590 1542 2638 vinceret¹
