1838 2922
294 127 361 172 ss
510 119 885 206 r3.A.F1.0121
918 120 1026 169 Lm.
1046 119 1142 169 111.
1175 119 1294 172 cn.
1315 103 1396 169 ἐς.
1437 109 1442 116 ·

296 251 507 300 Venuleii
519 269 535 310 ς
572 252 779 301 Baebium
816 252 915 299 sine
955 251 1089 306 ferro,
1121 251 1210 301 ritu
1250 250 1458 306 serarum,
1503 251 1632 300 inter

292 331 454 364 manus
473 317 718 374 laniatum3
744 317 956 372 Marium,
979 317 1105 363 ducis
1125 317 1266 378 ipsius
1283 315 1485 371 fratrem,
1505 315 1632 377 apud

297 380 450 430 Catuli
482 381 750 444 sepulcrum,
777 382 931 436 oeulis,
970 382 1186 436 manibus,
1211 382 1498 442 cruribusque
1515 377 1629 442 [de-

294 445 467 510 fossis]
491 453 717 493 servatum
746 445 1029 506 aliquamdiu,
1059 453 1110 492 ut
1129 462 1208 507 per
1225 445 1403 509 singula
1422 445 1634 492 membra

292 518 557 558 moreretur.
608 509 776 556 Positis
796 511 1076 571 singulorum
1092 511 1322 556 hominum
1344 508 1439 557 fere
1459 509 1633 570 poenia,

294 576 536 636 municipia
558 572 705 620 Italiae
732 575 1088 638 splendidissima
1116 576 1198 621 sub
1219 572 1347 621 hasta
1367 575 1632 630 venierunt,

291 639 558 702 Spoletium,
577 636 913 694 Interamnium,
936 639 1180 693 Praeneste,
1205 637 1450 686 Florentia.
1496 636 1628 684 Nam

296 704 583 760 Sulmonem,
622 711 753 750 vetus
788 705 1013 765 oppidum,
1056 705 1225 750 socium
1259 711 1391 764 atque
1411 701 1628 756 amicum,

292 767 730 833 (facinusindignum
745 767 782 829 !)
796 769 994 816 nondum
1007 774 1326 830 expugnatum,
1339 773 1389 814 ut
1399 765 1628 830 [obsides]

282 834 389 896 Jure
408 832 525 892 belli,
542 840 588 880 et
608 834 744 881 modo
765 842 909 879 morte
934 834 1142 887 damnati,
1166 833 1268 878 duci
1280 833 1518 896 jubenturz
1557 830 1630 878 sie
1656 867 1667 872 -

290 897 547 951 damnatam
568 898 793 946 civitatem
807 899 946 962 jussit
963 897 1088 945 Sulla
1109 897 1260 944 deleri.

776 1091 924 1142 CAP.
960 1092 1130 1140 XXII.

674 1221 861 1269 Bellum
895 1225 1230 1270 Sertorianum.

354 1351 566 1399 Batou
606 1351 909 1400 Sertorianum
949 1353 1055 1414 quid
1091 1353 1211 1399 aliud
1252 1366 1386 1413 quam
1422 1351 1628 1400 Sulhnoe

286 1417 623 1481 proscriptionis
645 1418 880 1466 haereditas
899 1417 1023 1466 suit?
1058 1418 1218 1464 fiostile
1239 1418 1388 1479 potius
1407 1431 1470 1463 an
1489 1416 1626 1464 civile

284 1484 494 1539 dixerim,
517 1484 692 1541 nescio3
726 1484 889 1546 quippe
921 1484 1040 1545 quod
1075 1481 1282 1530 Lusitani
1319 1480 1624 1542 Celtiberique

286 1546 499 1595 Romano
536 1550 759 1609 gesserint
791 1550 917 1596 duee.
985 1547 1134 1596 Exsul
1155 1556 1200 1594 et
1219 1546 1438 1609 profugus
1469 1546 1624 1593 feralia

286 1612 407 1659 illius
440 1614 617 1668 tabulae‚
660 1615 729 1661 vir
766 1628 958 1661 summae
994 1613 1184 1674 quidem,
1225 1612 1302 1658 sed
1346 1610 1624 1661 calamitosas

286 1676 479 1731 virtutis,
512 1679 641 1725 malis
675 1679 768 1725 suis
805 1680 944 1725 maria
985 1688 1212 1737 terrasque
1248 1676 1529 1739 permiscuitt
1571 1682 1619 1723 et

276 1740 375 1804 jam
400 1742 583 1797 Africae,
603 1744 699 1804 Jam
724 1742 983 1789 Balearibus
998 1743 1169 1796 insulis,
1192 1741 1418 1789 fortunam
1457 1755 1622 1803 exper-

285 1813 374 1861 tus,
407 1804 702 1871 [missusque]
726 1808 773 1852 in
796 1807 1043 1862 Oceanum,
1069 1802 1620 1867 Fortunatasque”insulas

281 1872 562 1933 penetravit:
602 1872 781 1917 tandem
820 1870 1087 1933 Hispaniam
1111 1872 1314 1919 armavit.
1376 1870 1492 1917 Viro
1515 1884 1620 1917 cum

281 1933 538 2011 viris-facile
569 1937 793 1983 convenit.
856 1936 962 1983 Nec
991 1938 1098 1983 alias
1131 1937 1276 1999 magis
1297 1936 1500 1997 apparuit
1523 1933 1618 1981 Hi·-

282 2000 1618 2129 {152233'2‘22535552ffissfflffizzaffiffl

280 2126 588 2191 Ponticosque
631 2132 839 2193 respexit,
887 2146 1131 2193 regemque
1169 2132 1311 2178 classe
1343 2131 1480 2193 juvit.
1545 2128 1614 2179 Et

278 2194 396 2253 quid
425 2194 625 2242 futurum
658 2194 782 2242 fuit?
849 2195 970 2243 Satis
1007 2203 1138 2243 tanto
1168 2196 1288 2242 hosti
1309 2210 1401 2242 uno
1421 2196 1614 2255 impera-

276 2264 381 2305 tore
411 2260 617 2306 resistere
640 2276 709 2307 res
732 2260 942 2307 Romana
971 2276 1062 2308 non
1093 2262 1268 2323 potuit:
1307 2260 1482 2307 additus
1506 2258 1614 2305 Me-

282 2323 393 2369 tello
416 2322 587 2372 Cnaeus
615 2323 873 2387 Pompeius.
939 2324 1008 2372 Hi
1039 2327 1190 2388 copias
1212 2326 1298 2371 viri
1324 2326 1400 2371 diu
1421 2330 1468 2369 et
1489 2324 1613 2369 anci-

278 2386 363 2448 piti
401 2402 577 2450 semper
609 2389 705 2435 acie
738 2386 974 2437 attrivere:
1019 2406 1102 2437 nee
1137 2398 1286 2439 tamen
1324 2390 1447 2451 prius
1485 2387 1614 2444 bello,

279 2464 413 2509 quam
467 2467 651 2499 suorum
706 2454 873 2501 scelere
906 2462 954 2501 et
995 2456 1182 2509 insidiis,
1231 2456 1482 2501 exstinctus
1536 2460 1622 2501 est.

274 2509 473 2577 {CopIas
506 2516 603 2578 ejus
633 2534 773 2579 prope
810 2517 906 2565 tota
944 2518 1170 2581 Hispania
1200 2518 1436 2579 persecuti,
1469 2517 1548 2563 diu
1569 2526 1618 2565 et

270 2578 457 2639 ancipiti
478 2595 652 2643 semper
674 2582 769 2629 acie
798 2582 1134 2645 domaverunt-J
1201 2582 1358 2629 Prima
1375 2596 1457 2643 per
1489 2582 1616 2645 lega-
